<?xml version="1.0" encoding="UTF-8"?>
<!DOCTYPE html PUBLIC "-//W3C//DTD XHTML 1.0 Transitional//EN"
    "http://www.w3.org/TR/xhtml1/DTD/xhtml1-transitional.dtd">
<html xmlns="http://www.w3.org/1999/xhtml" xml:lang="en" lang="en">
 <head>
  <title>
</title>
<meta http-equiv="Content-Type" content="text/html;charset=utf-8" />
  <meta name='ocr-system' content='tesseract 3.04.00' />
  <meta name='ocr-capabilities' content='ocr_page ocr_carea ocr_par ocr_line ocrx_word'/>
</head>
<body>
  <div class='ocr_page' id='page_1' title='image "./deplautinisanap00audogoog_0077.png"; bbox 0 0 3542 5624; ppageno 0'>
   <div class='ocr_carea' id='block_1_1' title="bbox 427 713 1214 775">
    <p class='ocr_par' dir='ltr' id='par_1_1' title="bbox 427 713 1214 775">
     <span class='ocr_line' id='line_1_1' title="bbox 427 713 1214 775; baseline -0.006 0"><span class='ocrx_word' id='word_1_1' title='bbox 427 713 467 775; x_wconf 85' lang='lat'><strong>58</strong></span> <span class='ocrx_word' id='word_1_2' title='bbox 761 729 803 772; x_wconf 86' lang='lat' dir='ltr'><strong>nn</strong></span> <span class='ocrx_word' id='word_1_3' title='bbox 824 728 995 772; x_wconf 73' lang='lat' dir='ltr'><strong>rtnurtsts</strong></span> <span class='ocrx_word' id='word_1_4' title='bbox 1016 727 1214 772; x_wconf 72' lang='lat' dir='ltr'><strong>nunrsusrrs</strong></span> 
     </span>
    </p>
   </div>
   <div class='ocr_carea' id='block_1_2' title="bbox 426 873 1547 1380">
    <p class='ocr_par' dir='ltr' id='par_1_2' title="bbox 426 873 1544 1168">
     <span class='ocr_line' id='line_1_2' title="bbox 430 873 1544 955; baseline -0.004 -17"><span class='ocrx_word' id='word_1_5' title='bbox 430 875 535 938; x_wconf 85' lang='lat' dir='ltr'><strong>Class.</strong></span> <span class='ocrx_word' id='word_1_6' title='bbox 563 878 649 951; x_wconf 65' lang='lat' dir='ltr'><strong>Hes,</strong></span> <span class='ocrx_word' id='word_1_7' title='bbox 677 897 707 940; x_wconf 88' lang='lat' dir='ltr'><strong>a.</strong></span> <span class='ocrx_word' id='word_1_8' title='bbox 729 875 818 946; x_wconf 84' lang='lat'>1893,</span> <span class='ocrx_word' id='word_1_9' title='bbox 841 895 871 955; x_wconf 88' lang='lat' dir='ltr'><strong>p.</strong></span> <span class='ocrx_word' id='word_1_10' title='bbox 895 875 966 943; x_wconf 87' lang='grc'><strong>132,</strong></span> <span class='ocrx_word' id='word_1_11' title='bbox 993 873 1138 954; x_wconf 86' lang='lat' dir='ltr'><strong>Seyffert,</strong></span> <span class='ocrx_word' id='word_1_12' title='bbox 1170 874 1266 935; x_wconf 83' lang='lat' dir='ltr'><strong>Berl.</strong></span> <span class='ocrx_word' id='word_1_13' title='bbox 1297 873 1383 952; x_wconf 81' lang='lat' dir='ltr'><strong>phil.</strong></span> <span class='ocrx_word' id='word_1_14' title='bbox 1417 873 1544 946; x_wconf 75' lang='lat' dir='ltr'><strong>Woeh..</strong></span> 
     </span>
     <span class='ocr_line' id='line_1_3' title="bbox 426 977 1544 1060; baseline -0.002 -16"><span class='ocrx_word' id='word_1_15' title='bbox 426 1003 456 1045; x_wconf 88' lang='lat' dir='ltr'><strong>a.</strong></span> <span class='ocrx_word' id='word_1_16' title='bbox 488 983 576 1054; x_wconf 92' lang='grc'><strong>1891,</strong></span> <span class='ocrx_word' id='word_1_17' title='bbox 609 1001 642 1060; x_wconf 90' lang='lat' dir='ltr'><strong>p.</strong></span> <span class='ocrx_word' id='word_1_18' title='bbox 668 981 738 1048; x_wconf 89' lang='lat'>878,</span> <span class='ocrx_word' id='word_1_19' title='bbox 764 979 924 1042; x_wconf 84' lang='lat' dir='ltr'><strong>Bursioai</strong></span> <span class='ocrx_word' id='word_1_20' title='bbox 945 977 1083 1050; x_wconf 72' lang='lat' dir='ltr'><strong>Annei..</strong></span> <span class='ocrx_word' id='word_1_21' title='bbox 1110 988 1130 1041; x_wconf 94' lang='grc'><strong>1.</strong></span> <span class='ocrx_word' id='word_1_22' title='bbox 1165 981 1215 1054; x_wconf 91' lang='grc'><strong>80,</strong></span> <span class='ocrx_word' id='word_1_23' title='bbox 1246 999 1276 1060; x_wconf 89' lang='lat' dir='ltr'><strong>p.</strong></span> <span class='ocrx_word' id='word_1_24' title='bbox 1307 979 1377 1056; x_wconf 87' lang='grc'><strong>262,</strong></span> <span class='ocrx_word' id='word_1_25' title='bbox 1393 981 1544 1050; x_wconf 86' lang='lat' dir='ltr'><strong>Skutsch,</strong></span> 
     </span>
     <span class='ocr_line' id='line_1_4' title="bbox 430 1083 1183 1168; baseline -0.005 -20"><span class='ocrx_word' id='word_1_26' title='bbox 430 1086 569 1148; x_wconf 70' lang='lat' dir='ltr'><strong>Studien</strong></span> <span class='ocrx_word' id='word_1_27' title='bbox 582 1106 644 1147; x_wconf 78' lang='lat' dir='ltr'><strong>sur·</strong></span> <span class='ocrx_word' id='word_1_28' title='bbox 656 1083 902 1146; x_wconf 78' lang='lat' dir='ltr'><strong>Plautinisehen</strong></span> <span class='ocrx_word' id='word_1_29' title='bbox 917 1083 1089 1157; x_wconf 84' lang='lat' dir='ltr'><strong>Prosodie‚</strong></span> <span class='ocrx_word' id='word_1_30' title='bbox 1107 1108 1136 1168; x_wconf 89' lang='lat' dir='ltr'><strong>p.</strong></span> <span class='ocrx_word' id='word_1_31' title='bbox 1153 1089 1183 1149; x_wconf 82' lang='lat'><strong>7.</strong></span> 
     </span>
    </p>

    <p class='ocr_par' dir='ltr' id='par_1_3' title="bbox 426 1185 1547 1380">
     <span class='ocr_line' id='line_1_5' title="bbox 470 1185 1547 1276; baseline 0.001 -21"><span class='ocrx_word' id='word_1_32' title='bbox 470 1193 533 1255; x_wconf 86' lang='lat' dir='ltr'><strong>Sed</strong></span> <span class='ocrx_word' id='word_1_33' title='bbox 547 1210 620 1254; x_wconf 86' lang='lat' dir='ltr'><strong>curn</strong></span> <span class='ocrx_word' id='word_1_34' title='bbox 631 1191 765 1255; x_wconf 86' lang='lat' dir='ltr'><strong>creticae</strong></span> <span class='ocrx_word' id='word_1_35' title='bbox 791 1209 882 1254; x_wconf 87' lang='lat' dir='ltr'><strong>voces</strong></span> <span class='ocrx_word' id='word_1_36' title='bbox 898 1209 967 1252; x_wconf 79' lang='lat' dir='ltr'><strong>raro</strong></span> <span class='ocrx_word' id='word_1_37' title='bbox 981 1190 1045 1254; x_wconf 90' lang='lat' dir='ltr'><strong>nisi</strong></span> <span class='ocrx_word' id='word_1_38' title='bbox 1072 1191 1105 1252; x_wconf 92' lang='lat' dir='ltr'><strong>in</strong></span> <span class='ocrx_word' id='word_1_39' title='bbox 1129 1185 1305 1270; x_wconf 81' lang='lat' dir='ltr'><strong>anapaestis</strong></span> <span class='ocrx_word' id='word_1_40' title='bbox 1321 1214 1377 1276; x_wconf 91' lang='lat' dir='ltr'><strong>pro</strong></span> <span class='ocrx_word' id='word_1_41' title='bbox 1393 1213 1456 1258; x_wconf 92' lang='lat' dir='ltr'><strong>uuo</strong></span> <span class='ocrx_word' id='word_1_42' title='bbox 1470 1196 1547 1274; x_wconf 88' lang='lat' dir='ltr'><strong>pede</strong></span> 
     </span>
     <span class='ocr_line' id='line_1_6' title="bbox 426 1293 1547 1380; baseline 0.004 -22"><span class='ocrx_word' id='word_1_43' title='bbox 426 1299 477 1360; x_wconf 86' lang='lat' dir='ltr'><strong>vel</strong></span> <span class='ocrx_word' id='word_1_44' title='bbox 504 1317 559 1378; x_wconf 92' lang='lat' dir='ltr'><strong>pro</strong></span> <span class='ocrx_word' id='word_1_45' title='bbox 584 1299 710 1361; x_wconf 86' lang='lat' dir='ltr'><strong>duobus</strong></span> <span class='ocrx_word' id='word_1_46' title='bbox 735 1297 952 1380; x_wconf 81' lang='lat' dir='ltr'><strong>semipedibus</strong></span> <span class='ocrx_word' id='word_1_47' title='bbox 976 1298 1096 1380; x_wconf 79' lang='lat' dir='ltr'><strong>positae</strong></span> <span class='ocrx_word' id='word_1_48' title='bbox 1118 1293 1323 1364; x_wconf 88' lang='lat' dir='ltr'><strong>invenia&#39;ntur</strong></span> <span class='ocrx_word' id='word_1_49' title='bbox 1338 1321 1437 1380; x_wconf 89' lang='lat' dir='ltr'><strong>eaque</strong></span> <span class='ocrx_word' id='word_1_50' title='bbox 1460 1301 1547 1364; x_wconf 89' lang='lat' dir='ltr'><strong>vocis</strong></span> 
     </span>
    </p>
   </div>
   <div class='ocr_carea' id='block_1_3' title="bbox 427 1403 1551 1892">
    <p class='ocr_par' dir='ltr' id='par_1_4' title="bbox 427 1403 1551 1892">
     <span class='ocr_line' id='line_1_7' title="bbox 428 1403 1550 1485; baseline 0.001 -20"><span class='ocrx_word' id='word_1_51' title='bbox 428 1405 601 1468; x_wconf 90' lang='lat' dir='ltr'><strong>contractio</strong></span> <span class='ocrx_word' id='word_1_52' title='bbox 635 1422 701 1468; x_wconf 92' lang='lat' dir='ltr'><strong>non</strong></span> <span class='ocrx_word' id='word_1_53' title='bbox 738 1403 919 1468; x_wconf 83' lang='lat' dir='ltr'><strong>necessario</strong></span> <span class='ocrx_word' id='word_1_54' title='bbox 950 1421 989 1466; x_wconf 77' lang='lat' dir='ltr'><strong>ex</strong></span> <span class='ocrx_word' id='word_1_55' title='bbox 1021 1403 1152 1466; x_wconf 88' lang='lat' dir='ltr'><strong>ultimae</strong></span> <span class='ocrx_word' id='word_1_56' title='bbox 1183 1405 1324 1484; x_wconf 80' lang='lat' dir='ltr'>syllabae</span> <span class='ocrx_word' id='word_1_57' title='bbox 1356 1403 1550 1485; x_wconf 72' lang='lat' dir='ltr'><strong>correptione</strong></span> 
     </span>
     <span class='ocr_line' id='line_1_8' title="bbox 427 1508 1550 1592; baseline -0.002 -18"><span class='ocrx_word' id='word_1_58' title='bbox 427 1517 558 1584; x_wconf 88' lang='lat' dir='ltr'><strong>constet,</strong></span> <span class='ocrx_word' id='word_1_59' title='bbox 588 1510 643 1571; x_wconf 89' lang='lat' dir='ltr'><strong>sed</strong></span> <span class='ocrx_word' id='word_1_60' title='bbox 671 1518 701 1570; x_wconf 91' lang='lat' dir='ltr'><strong>et</strong></span> <span class='ocrx_word' id='word_1_61' title='bbox 732 1508 896 1571; x_wconf 87' lang='lat' dir='ltr'><strong>emediae</strong></span> <span class='ocrx_word' id='word_1_62' title='bbox 923 1527 1063 1589; x_wconf 75' lang='lat' dir='ltr'><strong>syncopa</strong></span> <span class='ocrx_word' id='word_1_63' title='bbox 1090 1510 1227 1592; x_wconf 82' lang='lat' dir='ltr'><strong>pendere</strong></span> <span class='ocrx_word' id='word_1_64' title='bbox 1253 1511 1361 1590; x_wconf 83' lang='lat' dir='ltr'><strong>possit,</strong></span> <span class='ocrx_word' id='word_1_65' title='bbox 1386 1530 1424 1574; x_wconf 88' lang='lat' dir='ltr'><strong>ea</strong></span> <span class='ocrx_word' id='word_1_66' title='bbox 1455 1513 1550 1574; x_wconf 89' lang='lat' dir='ltr'><strong>modo</strong></span> 
     </span>
     <span class='ocr_line' id='line_1_9' title="bbox 427 1617 1551 1699; baseline -0.002 -18"><span class='ocrx_word' id='word_1_67' title='bbox 427 1617 580 1681; x_wconf 90' lang='lat' dir='ltr'><strong>iambicae</strong></span> <span class='ocrx_word' id='word_1_68' title='bbox 610 1617 814 1699; x_wconf 84' lang='lat' dir='ltr'><strong>correptionis</strong></span> <span class='ocrx_word' id='word_1_69' title='bbox 838 1619 984 1696; x_wconf 87' lang='lat' dir='ltr'><strong>exempla</strong></span> <span class='ocrx_word' id='word_1_70' title='bbox 1008 1618 1042 1680; x_wconf 86' lang='lat' dir='ltr'><strong>in</strong></span> <span class='ocrx_word' id='word_1_71' title='bbox 1067 1617 1244 1697; x_wconf 81' lang='lat' dir='ltr'><strong>praesentia</strong></span> <span class='ocrx_word' id='word_1_72' title='bbox 1273 1617 1432 1699; x_wconf 84' lang='lat' dir='ltr'><strong>inquirere</strong></span> <span class='ocrx_word' id='word_1_73' title='bbox 1463 1620 1551 1684; x_wconf 86' lang='lat' dir='ltr'><strong>decet</strong></span> 
     </span>
     <span class='ocr_line' id='line_1_10' title="bbox 427 1719 1547 1803; baseline 0 -19"><span class='ocrx_word' id='word_1_74' title='bbox 427 1742 509 1800; x_wconf 91' lang='lat' dir='ltr'><strong>quae</strong></span> <span class='ocrx_word' id='word_1_75' title='bbox 523 1733 553 1784; x_wconf 90' lang='lat' dir='ltr'><strong>et</strong></span> <span class='ocrx_word' id='word_1_76' title='bbox 565 1722 599 1785; x_wconf 92' lang='lat' dir='ltr'><strong>in</strong></span> <span class='ocrx_word' id='word_1_77' title='bbox 614 1721 794 1803; x_wconf 83' lang='lat' dir='ltr'><strong>anapaestis</strong></span> <span class='ocrx_word' id='word_1_78' title='bbox 807 1731 838 1782; x_wconf 92' lang='lat' dir='ltr'><strong>et</strong></span> <span class='ocrx_word' id='word_1_79' title='bbox 851 1721 884 1782; x_wconf 92' lang='lat' dir='ltr'><strong>in</strong></span> <span class='ocrx_word' id='word_1_80' title='bbox 899 1719 971 1783; x_wconf 86' lang='lat' dir='ltr'><strong>aliis</strong></span> <span class='ocrx_word' id='word_1_81' title='bbox 981 1720 1089 1784; x_wconf 88' lang='lat' dir='ltr'><strong>metris</strong></span> <span class='ocrx_word' id='word_1_82' title='bbox 1100 1740 1194 1802; x_wconf 85' lang='lat' dir='ltr'><strong>saepe</strong></span> <span class='ocrx_word' id='word_1_83' title='bbox 1207 1721 1330 1786; x_wconf 80' lang='lat' dir='ltr'><strong>admitti</strong></span> <span class='ocrx_word' id='word_1_84' title='bbox 1339 1723 1422 1792; x_wconf 87' lang='lat' dir='ltr'><strong>inter</strong></span> <span class='ocrx_word' id='word_1_85' title='bbox 1436 1741 1547 1788; x_wconf 84' lang='lat' dir='ltr'><strong>ornnes</strong></span> 
     </span>
     <span class='ocr_line' id='line_1_11' title="bbox 429 1839 559 1892; baseline 0.008 -2"><span class='ocrx_word' id='word_1_86' title='bbox 429 1839 559 1892; x_wconf 87' lang='lat' dir='ltr'><strong>constat.</strong></span> 
     </span>
    </p>
   </div>
   <div class='ocr_carea' id='block_1_4' title="bbox 488 2043 1500 2246">
    <p class='ocr_par' dir='ltr' id='par_1_5' title="bbox 488 2043 1500 2246">
     <span class='ocr_line' id='line_1_12' title="bbox 488 2043 1500 2127; baseline -0.002 -19"><span class='ocrx_word' id='word_1_87' title='bbox 488 2047 526 2108; x_wconf 87' lang='lat' dir='ltr'><strong>A.</strong></span> <span class='ocrx_word' id='word_1_88' title='bbox 553 2049 603 2110; x_wconf 87' lang='lat' dir='ltr'><strong>De</strong></span> <span class='ocrx_word' id='word_1_89' title='bbox 618 2046 745 2108; x_wconf 85' lang='lat' dir='ltr'><strong>uocibus</strong></span> <span class='ocrx_word' id='word_1_90' title='bbox 762 2043 907 2106; x_wconf 79' lang='lat' dir='ltr'><strong>iambicis</strong></span> <span class='ocrx_word' id='word_1_91' title='bbox 923 2061 1060 2126; x_wconf 83' lang='lat' dir='ltr'><strong>querum</strong></span> <span class='ocrx_word' id='word_1_92' title='bbox 1086 2044 1190 2106; x_wconf 82' lang='lat' dir='ltr'><strong>altera</strong></span> <span class='ocrx_word' id='word_1_93' title='bbox 1204 2045 1329 2127; x_wconf 79' lang='lat' dir='ltr'><strong>syllaba</strong></span> <span class='ocrx_word' id='word_1_94' title='bbox 1339 2043 1500 2125; x_wconf 82' lang='lat' dir='ltr'><strong>positione</strong></span> 
     </span>
     <span class='ocr_line' id='line_1_13' title="bbox 893 2167 1062 2246; baseline 0.012 -19"><span class='ocrx_word' id='word_1_95' title='bbox 893 2167 992 2246; x_wconf 74' lang='lat' dir='ltr'><strong>torpa</strong></span> <span class='ocrx_word' id='word_1_96' title='bbox 1016 2173 1062 2229; x_wconf 81' lang='lat' dir='ltr'><strong>est</strong></span> 
     </span>
    </p>
   </div>
   <div class='ocr_carea' id='block_1_5' title="bbox 426 2367 1565 4776">
    <p class='ocr_par' dir='ltr' id='par_1_6' title="bbox 426 2367 1549 2983">
     <span class='ocr_line' id='line_1_14' title="bbox 467 2367 1546 2450; baseline 0 -17"><span class='ocrx_word' id='word_1_97' title='bbox 467 2369 586 2433; x_wconf 90' lang='lat' dir='ltr'><strong>Omnia</strong></span> <span class='ocrx_word' id='word_1_98' title='bbox 613 2377 773 2448; x_wconf 85' lang='lat' dir='ltr'><strong>correptae</strong></span> <span class='ocrx_word' id='word_1_99' title='bbox 797 2367 953 2430; x_wconf 89' lang='lat' dir='ltr'><strong>iambicae</strong></span> <span class='ocrx_word' id='word_1_100' title='bbox 980 2368 1066 2429; x_wconf 89' lang='lat' dir='ltr'><strong>vocis</strong></span> <span class='ocrx_word' id='word_1_101' title='bbox 1090 2369 1245 2449; x_wconf 85' lang='lat' dir='ltr'><strong>exempla,</strong></span> <span class='ocrx_word' id='word_1_102' title='bbox 1267 2388 1488 2450; x_wconf 89' lang='lat' dir='ltr'><strong>quaecumque</strong></span> <span class='ocrx_word' id='word_1_103' title='bbox 1512 2372 1546 2433; x_wconf 91' lang='lat' dir='ltr'><strong>in</strong></span> 
     </span>
     <span class='ocr_line' id='line_1_15' title="bbox 426 2477 1547 2562; baseline -0.001 -17"><span class='ocrx_word' id='word_1_104' title='bbox 426 2480 635 2562; x_wconf 86' lang='lat' dir='ltr'><strong>anapaesticis</strong></span> <span class='ocrx_word' id='word_1_105' title='bbox 660 2477 858 2560; x_wconf 84' lang='lat' dir='ltr'><strong>septenariis,</strong></span> <span class='ocrx_word' id='word_1_106' title='bbox 884 2477 1053 2539; x_wconf 90' lang='lat' dir='ltr'><strong>octonariis</strong></span> <span class='ocrx_word' id='word_1_107' title='bbox 1070 2477 1276 2559; x_wconf 89' lang='lat' dir='ltr'><strong>dimetrisqne</strong></span> <span class='ocrx_word' id='word_1_108' title='bbox 1292 2495 1396 2561; x_wconf 88' lang='lat' dir='ltr'><strong>supra</strong></span> <span class='ocrx_word' id='word_1_109' title='bbox 1407 2481 1547 2545; x_wconf 89' lang='lat' dir='ltr'><strong>collectis</strong></span> 
     </span>
     <span class='ocr_line' id='line_1_16' title="bbox 427 2584 1548 2668; baseline 0.001 -19"><span class='ocrx_word' id='word_1_110' title='bbox 427 2588 641 2661; x_wconf 77' lang='lat' dir='ltr'><strong>inveniuntur,</strong></span> <span class='ocrx_word' id='word_1_111' title='bbox 658 2604 843 2649; x_wconf 88' lang='lat' dir='ltr'><strong>enumerare</strong></span> <span class='ocrx_word' id='word_1_112' title='bbox 858 2593 886 2646; x_wconf 91' lang='lat' dir='ltr'><strong>et</strong></span> <span class='ocrx_word' id='word_1_113' title='bbox 906 2603 969 2663; x_wconf 90' lang='lat' dir='ltr'><strong>quo</strong></span> <span class='ocrx_word' id='word_1_114' title='bbox 984 2584 1017 2645; x_wconf 91' lang='lat' dir='ltr'><strong>in</strong></span> <span class='ocrx_word' id='word_1_115' title='bbox 1035 2585 1103 2646; x_wconf 88' lang='grc'><strong>1000</strong></span> <span class='ocrx_word' id='word_1_116' title='bbox 1121 2604 1232 2648; x_wconf 86' lang='lat' dir='ltr'><strong>versus</strong></span> <span class='ocrx_word' id='word_1_117' title='bbox 1246 2587 1392 2666; x_wconf 89' lang='lat' dir='ltr'><strong>quodque</strong></span> <span class='ocrx_word' id='word_1_118' title='bbox 1410 2587 1548 2668; x_wconf 87' lang='lat' dir='ltr'><strong>positum</strong></span> 
     </span>
     <span class='ocr_line' id='line_1_17' title="bbox 427 2687 1549 2773; baseline 0.004 -21"><span class='ocrx_word' id='word_1_119' title='bbox 427 2692 467 2754; x_wconf 89' lang='lat' dir='ltr'><strong>sit</strong></span> <span class='ocrx_word' id='word_1_120' title='bbox 483 2701 590 2754; x_wconf 89' lang='lat' dir='ltr'><strong>notare</strong></span> <span class='ocrx_word' id='word_1_121' title='bbox 612 2691 646 2752; x_wconf 90' lang='lat' dir='ltr'><strong>in</strong></span> <span class='ocrx_word' id='word_1_122' title='bbox 670 2689 777 2752; x_wconf 85' lang='lat' dir='ltr'><strong>animo</strong></span> <span class='ocrx_word' id='word_1_123' title='bbox 792 2699 849 2758; x_wconf 89' lang='lat' dir='ltr'><strong>est,</strong></span> <span class='ocrx_word' id='word_1_124' title='bbox 869 2698 902 2750; x_wconf 92' lang='lat' dir='ltr'><strong>ut</strong></span> <span class='ocrx_word' id='word_1_125' title='bbox 917 2689 996 2752; x_wconf 89' lang='lat' dir='ltr'><strong>scire</strong></span> <span class='ocrx_word' id='word_1_126' title='bbox 1011 2687 1084 2751; x_wconf 89' lang='lat' dir='ltr'><strong>inde</strong></span> <span class='ocrx_word' id='word_1_127' title='bbox 1100 2689 1259 2769; x_wconf 89' lang='lat' dir='ltr'><strong>possimus</strong></span> <span class='ocrx_word' id='word_1_128' title='bbox 1275 2712 1354 2753; x_wconf 92' lang='lat' dir='ltr'><strong>num</strong></span> <span class='ocrx_word' id='word_1_129' title='bbox 1368 2691 1401 2755; x_wconf 93' lang='lat' dir='ltr'><strong>in</strong></span> <span class='ocrx_word' id='word_1_130' title='bbox 1419 2693 1549 2773; x_wconf 90' lang='lat' dir='ltr'><strong>quibus-</strong></span> 
     </span>
     <span class='ocr_line' id='line_1_18' title="bbox 428 2795 1547 2875; baseline 0.004 -14"><span class='ocrx_word' id='word_1_131' title='bbox 428 2802 501 2861; x_wconf 91' lang='lat' dir='ltr'><strong>dam</strong></span> <span class='ocrx_word' id='word_1_132' title='bbox 525 2797 667 2860; x_wconf 88' lang='lat' dir='ltr'><strong>thesibus</strong></span> <span class='ocrx_word' id='word_1_133' title='bbox 690 2799 740 2859; x_wconf 83' lang='lat' dir='ltr'><strong>ve]</strong></span> <span class='ocrx_word' id='word_1_134' title='bbox 756 2796 880 2858; x_wconf 87' lang='lat' dir='ltr'><strong>arsibus</strong></span> <span class='ocrx_word' id='word_1_135' title='bbox 901 2795 1104 2875; x_wconf 82' lang='lat' dir='ltr'><strong>frequentior,</strong></span> <span class='ocrx_word' id='word_1_136' title='bbox 1134 2797 1166 2858; x_wconf 85' lang='lat' dir='ltr'><strong>itt</strong></span> <span class='ocrx_word' id='word_1_137' title='bbox 1191 2798 1264 2860; x_wconf 92' lang='lat' dir='ltr'><strong>aliis</strong></span> <span class='ocrx_word' id='word_1_138' title='bbox 1285 2800 1383 2862; x_wconf 92' lang='lat' dir='ltr'><strong>rarior</strong></span> <span class='ocrx_word' id='word_1_139' title='bbox 1409 2802 1449 2864; x_wconf 91' lang='lat' dir='ltr'><strong>sit</strong></span> <span class='ocrx_word' id='word_1_140' title='bbox 1465 2819 1547 2865; x_wconf 69' lang='lat' dir='ltr'><strong>&#39;cor-</strong></span> 
     </span>
     <span class='ocr_line' id='line_1_19' title="bbox 426 2903 534 2983; baseline -0.028 -18"><span class='ocrx_word' id='word_1_141' title='bbox 426 2903 534 2983; x_wconf 88' lang='lat' dir='ltr'><strong>reptio.</strong></span> 
     </span>
    </p>

    <p class='ocr_par' dir='ltr' id='par_1_7' title="bbox 427 3003 1565 3400">
     <span class='ocr_line' id='line_1_20' title="bbox 469 3003 1565 3088; baseline 0.005 -20"><span class='ocrx_word' id='word_1_142' title='bbox 469 3009 505 3068; x_wconf 89' lang='lat' dir='ltr'><strong>In</strong></span> <span class='ocrx_word' id='word_1_143' title='bbox 521 3005 625 3084; x_wconf 85' lang='lat' dir='ltr'><strong>prima</strong></span> <span class='ocrx_word' id='word_1_144' title='bbox 639 3003 720 3066; x_wconf 90' lang='lat' dir='ltr'><strong>thesi</strong></span> <span class='ocrx_word' id='word_1_145' title='bbox 738 3026 743 3064; x_wconf 96' lang='lat'><strong>:</strong></span> <span class='ocrx_word' id='word_1_146' title='bbox 759 3005 874 3065; x_wconf 84' lang='lat' dir='ltr'><strong>honum</strong></span> <span class='ocrx_word' id='word_1_147' title='bbox 890 3006 989 3066; x_wconf 89' lang='lat' dir='ltr'><strong>Merc.</strong></span> <span class='ocrx_word' id='word_1_148' title='bbox 1002 3003 1062 3067; x_wconf 85' lang='grc'><strong>340</strong></span> <span class='ocrx_word' id='word_1_149' title='bbox 1086 3003 1203 3083; x_wconf 79' lang='lat' dir='ltr'><strong>(dim),</strong></span> <span class='ocrx_word' id='word_1_150' title='bbox 1215 3012 1309 3088; x_wconf 81' lang='lat' dir='ltr'><strong>eaput</strong></span> <span class='ocrx_word' id='word_1_151' title='bbox 1335 3008 1454 3072; x_wconf 88' lang='lat' dir='ltr'><strong>Bacch.</strong></span> <span class='ocrx_word' id='word_1_152' title='bbox 1469 3009 1565 3086; x_wconf 88' lang='grc'><strong>1193·</strong></span> 
     </span>
     <span class='ocr_line' id='line_1_21' title="bbox 427 3106 1546 3190; baseline 0.004 -18"><span class='ocrx_word' id='word_1_153' title='bbox 427 3109 544 3190; x_wconf 79' lang='lat' dir='ltr'><strong>(dim),</strong></span> <span class='ocrx_word' id='word_1_154' title='bbox 562 3110 650 3170; x_wconf 82' lang='lat' dir='ltr'><strong>ehem</strong></span> <span class='ocrx_word' id='word_1_155' title='bbox 673 3109 792 3170; x_wconf 87' lang='lat' dir='ltr'><strong>Pseud.</strong></span> <span class='ocrx_word' id='word_1_156' title='bbox 818 3109 876 3170; x_wconf 82' lang='lat'><strong>912</strong></span> <span class='ocrx_word' id='word_1_157' title='bbox 894 3106 993 3186; x_wconf 89' lang='grc'><strong>(001.),</strong></span> <span class='ocrx_word' id='word_1_158' title='bbox 1018 3109 1101 3170; x_wconf 86' lang='lat' dir='ltr'><strong>enim</strong></span> <span class='ocrx_word' id='word_1_159' title='bbox 1113 3110 1184 3172; x_wconf 88' lang='lat' dir='ltr'><strong>Mil.</strong></span> <span class='ocrx_word' id='word_1_160' title='bbox 1197 3110 1276 3173; x_wconf 88' lang='grc'><strong>1018</strong></span> <span class='ocrx_word' id='word_1_161' title='bbox 1296 3110 1411 3190; x_wconf 78' lang='lat' dir='ltr'><strong>(sept),</strong></span> <span class='ocrx_word' id='word_1_162' title='bbox 1427 3116 1546 3176; x_wconf 79' lang='lat' dir='ltr'><strong>malum</strong></span> 
     </span>
     <span class='ocr_line' id='line_1_22' title="bbox 429 3211 1546 3293; baseline 0.003 -16"><span class='ocrx_word' id='word_1_163' title='bbox 429 3219 515 3278; x_wconf 87' lang='lat' dir='ltr'><strong>Pers.</strong></span> <span class='ocrx_word' id='word_1_164' title='bbox 548 3211 709 3293; x_wconf 82' lang='grc'><strong>847(001.),</strong></span> <span class='ocrx_word' id='word_1_165' title='bbox 740 3213 824 3274; x_wconf 85' lang='lat' dir='ltr'><strong>sotio</strong></span> <span class='ocrx_word' id='word_1_166' title='bbox 854 3215 953 3276; x_wconf 87' lang='lat' dir='ltr'><strong>Mero.</strong></span> <span class='ocrx_word' id='word_1_167' title='bbox 980 3215 1038 3276; x_wconf 84' lang='lat'><strong>337</strong></span> <span class='ocrx_word' id='word_1_168' title='bbox 1067 3211 1190 3293; x_wconf 75' lang='lat' dir='ltr'><strong>(dim).</strong></span> <span class='ocrx_word' id='word_1_169' title='bbox 1215 3234 1312 3277; x_wconf 73' lang='lat' dir='ltr'><strong>senes</strong></span> <span class='ocrx_word' id='word_1_170' title='bbox 1328 3217 1447 3280; x_wconf 85' lang='lat' dir='ltr'><strong>Bacch.</strong></span> <span class='ocrx_word' id='word_1_171' title='bbox 1467 3221 1546 3282; x_wconf 86' lang='lat'>1170</span> 
     </span>
     <span class='ocr_line' id='line_1_23' title="bbox 427 3316 1486 3400; baseline -0.009 -20"><span class='ocrx_word' id='word_1_172' title='bbox 427 3317 547 3400; x_wconf 80' lang='lat' dir='ltr'><strong>(sept),</strong></span> <span class='ocrx_word' id='word_1_173' title='bbox 562 3326 667 3379; x_wconf 87' lang='lat' dir='ltr'><strong>tamen</strong></span> <span class='ocrx_word' id='word_1_174' title='bbox 682 3316 782 3378; x_wconf 90' lang='lat' dir='ltr'><strong>Stich.</strong></span> <span class='ocrx_word' id='word_1_175' title='bbox 799 3319 837 3379; x_wconf 87' lang='grc'><strong>27</strong></span> <span class='ocrx_word' id='word_1_176' title='bbox 852 3316 970 3396; x_wconf 80' lang='lat' dir='ltr'><strong>(dim).</strong></span> <span class='ocrx_word' id='word_1_177' title='bbox 1484 3361 1486 3370; x_wconf 80' lang='grc'><strong>,</strong></span> 
     </span>
    </p>

    <p class='ocr_par' dir='ltr' id='par_1_8' title="bbox 428 3425 1546 3717">
     <span class='ocr_line' id='line_1_24' title="bbox 469 3425 1546 3510; baseline 0.006 -21"><span class='ocrx_word' id='word_1_178' title='bbox 469 3431 506 3490; x_wconf 92' lang='lat' dir='ltr'><strong>In</strong></span> <span class='ocrx_word' id='word_1_179' title='bbox 522 3428 624 3508; x_wconf 90' lang='lat' dir='ltr'><strong>prima</strong></span> <span class='ocrx_word' id='word_1_180' title='bbox 637 3425 698 3489; x_wconf 88' lang='lat' dir='ltr'><strong>arsi</strong></span> <span class='ocrx_word' id='word_1_181' title='bbox 718 3448 724 3487; x_wconf 94' lang='lat'><strong>:</strong></span> <span class='ocrx_word' id='word_1_182' title='bbox 743 3426 850 3488; x_wconf 83' lang='lat' dir='ltr'><strong>colunt</strong></span> <span class='ocrx_word' id='word_1_183' title='bbox 869 3425 967 3488; x_wconf 89' lang='lat' dir='ltr'><strong>Stich.</strong></span> <span class='ocrx_word' id='word_1_184' title='bbox 985 3429 1023 3488; x_wconf 89' lang='lat'><strong>35</strong></span> <span class='ocrx_word' id='word_1_185' title='bbox 1041 3425 1156 3507; x_wconf 79' lang='lat' dir='ltr'><strong>(dim),</strong></span> <span class='ocrx_word' id='word_1_186' title='bbox 1180 3427 1306 3510; x_wconf 84' lang='lat' dir='ltr'><strong>quidem</strong></span> <span class='ocrx_word' id='word_1_187' title='bbox 1329 3431 1449 3495; x_wconf 86' lang='lat' dir='ltr'><strong>Bacch.</strong></span> <span class='ocrx_word' id='word_1_188' title='bbox 1468 3434 1546 3499; x_wconf 90' lang='grc'><strong>1105</strong></span> 
     </span>
     <span class='ocr_line' id='line_1_25' title="bbox 430 3529 1545 3613; baseline 0.003 -18"><span class='ocrx_word' id='word_1_189' title='bbox 430 3531 527 3610; x_wconf 88' lang='grc'><strong>(001.),</strong></span> <span class='ocrx_word' id='word_1_190' title='bbox 540 3532 698 3612; x_wconf 78' lang='lat' dir='ltr'><strong>quidemst</strong></span> <span class='ocrx_word' id='word_1_191' title='bbox 714 3532 797 3594; x_wconf 86' lang='lat' dir='ltr'><strong>Rud.</strong></span> <span class='ocrx_word' id='word_1_192' title='bbox 814 3531 875 3594; x_wconf 88' lang='grc'><strong>926</strong></span> <span class='ocrx_word' id='word_1_193' title='bbox 890 3529 987 3610; x_wconf 86' lang='grc'><strong>(001.),</strong></span> <span class='ocrx_word' id='word_1_194' title='bbox 1007 3537 1111 3593; x_wconf 86' lang='lat' dir='ltr'><strong>tomen</strong></span> <span class='ocrx_word' id='word_1_195' title='bbox 1124 3531 1211 3594; x_wconf 89' lang='lat' dir='ltr'><strong>Trin.</strong></span> <span class='ocrx_word' id='word_1_196' title='bbox 1228 3531 1287 3594; x_wconf 93' lang='grc'><strong>268</strong></span> <span class='ocrx_word' id='word_1_197' title='bbox 1301 3533 1395 3613; x_wconf 83' lang='lat' dir='ltr'><strong>(dim.</strong></span> <span class='ocrx_word' id='word_1_198' title='bbox 1406 3534 1426 3612; x_wconf 93' lang='grc'><strong>),</strong></span> <span class='ocrx_word' id='word_1_199' title='bbox 1438 3536 1545 3598; x_wconf 73' lang='lat' dir='ltr'><strong>videat</strong></span> 
     </span>
     <span class='ocr_line' id='line_1_26' title="bbox 428 3637 726 3717; baseline -0.003 -15"><span class='ocrx_word' id='word_1_200' title='bbox 428 3644 520 3702; x_wconf 90' lang='lat' dir='ltr'><strong>Truc.</strong></span> <span class='ocrx_word' id='word_1_201' title='bbox 548 3643 606 3702; x_wconf 89' lang='grc'><strong>105</strong></span> <span class='ocrx_word' id='word_1_202' title='bbox 627 3637 726 3717; x_wconf 86' lang='grc'><strong>(001.).</strong></span> 
     </span>
    </p>

    <p class='ocr_par' dir='ltr' id='par_1_9' title="bbox 426 3747 1546 4146">
     <span class='ocr_line' id='line_1_27' title="bbox 468 3747 1546 3830; baseline 0.003 -19"><span class='ocrx_word' id='word_1_203' title='bbox 468 3753 503 3811; x_wconf 91' lang='lat' dir='ltr'><strong>In</strong></span> <span class='ocrx_word' id='word_1_204' title='bbox 518 3749 599 3811; x_wconf 88' lang='lat' dir='ltr'><strong>thesi</strong></span> <span class='ocrx_word' id='word_1_205' title='bbox 615 3750 754 3811; x_wconf 84' lang='lat' dir='ltr'><strong>secunda</strong></span> <span class='ocrx_word' id='word_1_206' title='bbox 770 3771 777 3810; x_wconf 89' lang='lat'>:</span> <span class='ocrx_word' id='word_1_207' title='bbox 795 3748 882 3828; x_wconf 84' lang='lat' dir='ltr'><strong>epod</strong></span> <span class='ocrx_word' id='word_1_208' title='bbox 894 3747 972 3809; x_wconf 83' lang='lat' dir='ltr'><strong>Cist.</strong></span> <span class='ocrx_word' id='word_1_209' title='bbox 990 3749 1049 3811; x_wconf 89' lang='grc'><strong>225</strong></span> <span class='ocrx_word' id='word_1_210' title='bbox 1066 3748 1150 3829; x_wconf 88' lang='grc'><strong>(001),</strong></span> <span class='ocrx_word' id='word_1_211' title='bbox 1158 3749 1260 3830; x_wconf 79' lang='lat' dir='ltr'><strong>fidem</strong></span> <span class='ocrx_word' id='word_1_212' title='bbox 1271 3751 1432 3814; x_wconf 67' lang='lat' dir='ltr'><strong>Persr785</strong></span> <span class='ocrx_word' id='word_1_213' title='bbox 1449 3749 1546 3830; x_wconf 91' lang='grc'><strong>(001.),</strong></span> 
     </span>
     <span class='ocr_line' id='line_1_28' title="bbox 427 3853 1545 3936; baseline 0 -19"><span class='ocrx_word' id='word_1_214' title='bbox 427 3857 507 3918; x_wconf 83' lang='lat' dir='ltr'><strong>inest</strong></span> <span class='ocrx_word' id='word_1_215' title='bbox 528 3856 629 3918; x_wconf 84' lang='lat' dir='ltr'><strong>Stich.</strong></span> <span class='ocrx_word' id='word_1_216' title='bbox 647 3857 702 3918; x_wconf 92' lang='grc'><strong>321</strong></span> <span class='ocrx_word' id='word_1_217' title='bbox 721 3853 836 3934; x_wconf 71' lang='lat' dir='ltr'><strong>(dim),</strong></span> <span class='ocrx_word' id='word_1_218' title='bbox 865 3857 985 3916; x_wconf 81' lang='lat' dir='ltr'><strong>malum</strong></span> <span class='ocrx_word' id='word_1_219' title='bbox 995 3857 1111 3919; x_wconf 88' lang='lat' dir='ltr'><strong>Pseud.</strong></span> <span class='ocrx_word' id='word_1_220' title='bbox 1137 3857 1195 3919; x_wconf 89' lang='lat'><strong>183</strong></span> <span class='ocrx_word' id='word_1_221' title='bbox 1214 3855 1312 3936; x_wconf 86' lang='grc'><strong>(001.),</strong></span> <span class='ocrx_word' id='word_1_222' title='bbox 1338 3857 1419 3918; x_wconf 76' lang='lat' dir='ltr'><strong>nihil</strong></span> <span class='ocrx_word' id='word_1_223' title='bbox 1445 3857 1545 3920; x_wconf 89' lang='lat' dir='ltr'><strong>Stich.</strong></span> 
     </span>
     <span class='ocr_line' id='line_1_29' title="bbox 427 3960 1543 4046; baseline 0.002 -20"><span class='ocrx_word' id='word_1_224' title='bbox 427 3964 487 4027; x_wconf 87' lang='grc'><strong>320</strong></span> <span class='ocrx_word' id='word_1_225' title='bbox 514 3960 628 4042; x_wconf 76' lang='lat' dir='ltr'><strong>(dim),</strong></span> <span class='ocrx_word' id='word_1_226' title='bbox 647 3983 759 4023; x_wconf 84' lang='lat' dir='ltr'><strong>nouam</strong></span> <span class='ocrx_word' id='word_1_227' title='bbox 774 3963 849 4024; x_wconf 82' lang='lat' dir='ltr'><strong>Cas.</strong></span> <span class='ocrx_word' id='word_1_228' title='bbox 871 3964 926 4026; x_wconf 87' lang='lat'><strong>881</strong></span> <span class='ocrx_word' id='word_1_229' title='bbox 948 3960 1044 4042; x_wconf 87' lang='grc'><strong>(001.),</strong></span> <span class='ocrx_word' id='word_1_230' title='bbox 1070 3964 1197 4046; x_wconf 79' lang='lat' dir='ltr'><strong>quidem</strong></span> <span class='ocrx_word' id='word_1_231' title='bbox 1227 3965 1299 4027; x_wconf 92' lang='lat' dir='ltr'><strong>Mil.</strong></span> <span class='ocrx_word' id='word_1_232' title='bbox 1325 3965 1402 4028; x_wconf 93' lang='grc'><strong>1017</strong></span> <span class='ocrx_word' id='word_1_233' title='bbox 1427 3963 1543 4045; x_wconf 72' lang='lat' dir='ltr'><strong>(sept),</strong></span> 
     </span>
     <span class='ocr_line' id='line_1_30' title="bbox 426 4063 1483 4146; baseline -0.004 -14"><span class='ocrx_word' id='word_1_234' title='bbox 426 4069 523 4132; x_wconf 81' lang='lat' dir='ltr'><strong>simui</strong></span> <span class='ocrx_word' id='word_1_235' title='bbox 538 4069 655 4131; x_wconf 88' lang='lat' dir='ltr'><strong>Pseud.</strong></span> <span class='ocrx_word' id='word_1_236' title='bbox 674 4069 733 4131; x_wconf 91' lang='grc'><strong>588</strong></span> <span class='ocrx_word' id='word_1_237' title='bbox 750 4066 850 4144; x_wconf 88' lang='grc'><strong>(001.),</strong></span> <span class='ocrx_word' id='word_1_238' title='bbox 868 4068 945 4129; x_wconf 89' lang='grc'><strong>1327</strong></span> <span class='ocrx_word' id='word_1_239' title='bbox 957 4065 1074 4146; x_wconf 83' lang='lat' dir='ltr'><strong>(sept),</strong></span> <span class='ocrx_word' id='word_1_240' title='bbox 1092 4063 1198 4128; x_wconf 80' lang='lat' dir='ltr'><strong>vident</strong></span> <span class='ocrx_word' id='word_1_241' title='bbox 1210 4071 1304 4129; x_wconf 90' lang='lat' dir='ltr'><strong>Truc.</strong></span> <span class='ocrx_word' id='word_1_242' title='bbox 1324 4069 1381 4128; x_wconf 83' lang='grc'><strong>112</strong></span> <span class='ocrx_word' id='word_1_243' title='bbox 1399 4064 1483 4144; x_wconf 92' lang='grc'><strong>(001.)</strong></span> 
     </span>
    </p>

    <p class='ocr_par' dir='ltr' id='par_1_10' title="bbox 427 4179 1550 4366">
     <span class='ocr_line' id='line_1_31' title="bbox 469 4179 1550 4259; baseline 0 -17"><span class='ocrx_word' id='word_1_244' title='bbox 469 4184 506 4242; x_wconf 90' lang='lat' dir='ltr'><strong>In</strong></span> <span class='ocrx_word' id='word_1_245' title='bbox 522 4181 586 4244; x_wconf 89' lang='lat' dir='ltr'><strong>arsi</strong></span> <span class='ocrx_word' id='word_1_246' title='bbox 602 4181 763 4243; x_wconf 89' lang='lat' dir='ltr'><strong>secunda:</strong></span> <span class='ocrx_word' id='word_1_247' title='bbox 791 4184 907 4240; x_wconf 85' lang='lat' dir='ltr'><strong>comest</strong></span> <span class='ocrx_word' id='word_1_248' title='bbox 922 4179 1018 4250; x_wconf 23' lang='lat' dir='ltr'><strong>*Trin.</strong></span> <span class='ocrx_word' id='word_1_249' title='bbox 1035 4181 1095 4241; x_wconf 89' lang='grc'><strong>250</strong></span> <span class='ocrx_word' id='word_1_250' title='bbox 1118 4179 1241 4259; x_wconf 64' lang='grc'><strong>(0101),,</strong></span> <span class='ocrx_word' id='word_1_251' title='bbox 1251 4179 1355 4258; x_wconf 81' lang='lat' dir='ltr'><strong>fldem</strong></span> <span class='ocrx_word' id='word_1_252' title='bbox 1377 4181 1475 4244; x_wconf 81' lang='lat' dir='ltr'><strong>Cure.</strong></span> <span class='ocrx_word' id='word_1_253' title='bbox 1490 4180 1550 4242; x_wconf 87' lang='lat'><strong>139</strong></span> 
     </span>
     <span class='ocr_line' id='line_1_32' title="bbox 427 4284 945 4366; baseline -0.008 -16"><span class='ocrx_word' id='word_1_254' title='bbox 427 4285 526 4366; x_wconf 87' lang='grc'><strong>(001.),</strong></span> <span class='ocrx_word' id='word_1_255' title='bbox 545 4288 642 4350; x_wconf 82' lang='lat' dir='ltr'><strong>miser</strong></span> <span class='ocrx_word' id='word_1_256' title='bbox 657 4288 734 4350; x_wconf 89' lang='lat' dir='ltr'><strong>Cist.</strong></span> <span class='ocrx_word' id='word_1_257' title='bbox 753 4289 812 4349; x_wconf 90' lang='grc'><strong>223</strong></span> <span class='ocrx_word' id='word_1_258' title='bbox 829 4284 945 4365; x_wconf 80' lang='lat' dir='ltr'><strong>(sept).</strong></span> 
     </span>
    </p>

    <p class='ocr_par' dir='ltr' id='par_1_11' title="bbox 430 4391 1543 4576">
     <span class='ocr_line' id='line_1_33' title="bbox 470 4391 1543 4476; baseline 0 -20"><span class='ocrx_word' id='word_1_259' title='bbox 470 4398 506 4456; x_wconf 92' lang='lat' dir='ltr'><strong>ln</strong></span> <span class='ocrx_word' id='word_1_260' title='bbox 522 4395 602 4459; x_wconf 89' lang='lat' dir='ltr'><strong>thesi</strong></span> <span class='ocrx_word' id='word_1_261' title='bbox 618 4395 709 4458; x_wconf 88' lang='lat' dir='ltr'><strong>tertia</strong></span> <span class='ocrx_word' id='word_1_262' title='bbox 726 4417 732 4456; x_wconf 93' lang='lat'>:</span> <span class='ocrx_word' id='word_1_263' title='bbox 747 4415 836 4455; x_wconf 82' lang='lat' dir='ltr'><strong>erum</strong></span> <span class='ocrx_word' id='word_1_264' title='bbox 849 4394 949 4457; x_wconf 89' lang='lat' dir='ltr'><strong>Stich.</strong></span> <span class='ocrx_word' id='word_1_265' title='bbox 968 4396 1027 4455; x_wconf 89' lang='grc'><strong>312</strong></span> <span class='ocrx_word' id='word_1_266' title='bbox 1041 4391 1137 4472; x_wconf 91' lang='grc'><strong>(001.),</strong></span> <span class='ocrx_word' id='word_1_267' title='bbox 1148 4394 1239 4476; x_wconf 86' lang='lat' dir='ltr'><strong>potin</strong></span> <span class='ocrx_word' id='word_1_268' title='bbox 1250 4397 1337 4457; x_wconf 87' lang='lat' dir='ltr'><strong>Pers.</strong></span> <span class='ocrx_word' id='word_1_269' title='bbox 1355 4391 1543 4474; x_wconf 69' lang='grc'><strong>17501101),</strong></span> 
     </span>
     <span class='ocr_line' id='line_1_34' title="bbox 430 4494 863 4576; baseline -0.007 -20"><span class='ocrx_word' id='word_1_270' title='bbox 430 4498 535 4560; x_wconf 80' lang='lat' dir='ltr'><strong>subest</strong></span> <span class='ocrx_word' id='word_1_271' title='bbox 550 4498 637 4560; x_wconf 87' lang='lat' dir='ltr'><strong>Trin.</strong></span> <span class='ocrx_word' id='word_1_272' title='bbox 653 4499 732 4558; x_wconf 87' lang='lat'>1118</span> <span class='ocrx_word' id='word_1_273' title='bbox 748 4494 863 4576; x_wconf 77' lang='grc'><strong>((1110.)</strong></span> 
     </span>
    </p>

    <p class='ocr_par' dir='ltr' id='par_1_12' title="bbox 426 4603 1546 4776">
     <span class='ocr_line' id='line_1_35' title="bbox 467 4603 1546 4686; baseline 0.006 -22"><span class='ocrx_word' id='word_1_274' title='bbox 467 4606 504 4665; x_wconf 92' lang='lat' dir='ltr'><strong>Iu</strong></span> <span class='ocrx_word' id='word_1_275' title='bbox 529 4604 592 4666; x_wconf 89' lang='lat' dir='ltr'><strong>arsi</strong></span> <span class='ocrx_word' id='word_1_276' title='bbox 609 4604 720 4666; x_wconf 87' lang='lat' dir='ltr'><strong>tertia:</strong></span> <span class='ocrx_word' id='word_1_277' title='bbox 750 4603 877 4686; x_wconf 75' lang='lat' dir='ltr'><strong>quidem</strong></span> <span class='ocrx_word' id='word_1_278' title='bbox 894 4604 983 4666; x_wconf 89' lang='lat' dir='ltr'><strong>Pers.</strong></span> <span class='ocrx_word' id='word_1_279' title='bbox 1016 4603 1213 4683; x_wconf 71' lang='grc'><strong>1791110),</strong></span> <span class='ocrx_word' id='word_1_280' title='bbox 1238 4607 1344 4666; x_wconf 80' lang='lat' dir='ltr'><strong>colunt</strong></span> <span class='ocrx_word' id='word_1_281' title='bbox 1373 4606 1460 4670; x_wconf 84' lang='lat' dir='ltr'><strong>Trin.</strong></span> <span class='ocrx_word' id='word_1_282' title='bbox 1487 4607 1546 4670; x_wconf 91' lang='grc'><strong>263</strong></span> 
     </span>
     <span class='ocr_line' id='line_1_36' title="bbox 426 4707 538 4776; baseline -0.027 0"><span class='ocrx_word' id='word_1_283' title='bbox 426 4707 538 4776; x_wconf 68' lang='lat' dir='ltr'><strong>trimi.</strong></span> 
     </span>
    </p>
   </div>
   <div class='ocr_carea' id='block_1_6' title="bbox 467 4815 1183 4900">
    <p class='ocr_par' dir='ltr' id='par_1_13' title="bbox 467 4815 1183 4900">
     <span class='ocr_line' id='line_1_37' title="bbox 467 4815 1183 4900; baseline 0.003 -22"><span class='ocrx_word' id='word_1_284' title='bbox 467 4819 502 4879; x_wconf 92' lang='lat' dir='ltr'><strong>ln</strong></span> <span class='ocrx_word' id='word_1_285' title='bbox 518 4815 597 4880; x_wconf 92' lang='lat' dir='ltr'><strong>thesi</strong></span> <span class='ocrx_word' id='word_1_286' title='bbox 613 4826 725 4896; x_wconf 87' lang='lat' dir='ltr'><strong>quarta</strong></span> <span class='ocrx_word' id='word_1_287' title='bbox 742 4838 748 4877; x_wconf 94' lang='lat'><strong>:</strong></span> <span class='ocrx_word' id='word_1_288' title='bbox 766 4816 894 4900; x_wconf 83' lang='lat' dir='ltr'><strong>quidem</strong></span> <span class='ocrx_word' id='word_1_289' title='bbox 910 4819 997 4880; x_wconf 91' lang='lat' dir='ltr'><strong>Pers.</strong></span> <span class='ocrx_word' id='word_1_290' title='bbox 1013 4819 1073 4880; x_wconf 90' lang='grc'><strong>788</strong></span> <span class='ocrx_word' id='word_1_291' title='bbox 1088 4815 1183 4897; x_wconf 87' lang='grc'><strong>(001.).</strong></span> 
     </span>
    </p>
   </div>
   <div class='ocr_carea' id='block_1_7' title="bbox 0 0 1776 5624">
    <p class='ocr_par' dir='ltr' id='par_1_14' title="bbox 0 0 1776 5624">
     <span class='ocr_line' id='line_1_38' title="bbox 0 0 1776 5624; baseline 0 0"><span class='ocrx_word' id='word_1_292' title='bbox 0 0 1776 5624; x_wconf 95' lang='lat' dir='ltr'><strong> </strong></span> 
     </span>
    </p>
   </div>
  </div>
 </body>
</html>
