3446 5626
649 703 690 745 na
711 704 753 747 ua
775 706 916 750 11111111
1284 695 1342 756 135

264 845 295 904 4.
319 842 404 903 Cum
424 841 624 924 anapaestico
646 843 820 922 septenario
843 846 1018 926 junguntur
1035 847 1130 908 Poeu.
1156 849 1234 911 1191
1258 849 1288 922 1,
1305 869 1335 912 c.

228 950 437 1014 Ambrosianc
446 951 531 1014 enim
542 951 623 1015 duce
634 954 829 1032 septenarius
840 962 870 1016 et
886 952 1037 1033 tripodiae
1049 955 1247 1018 catalectioae
1261 959 1342 1042 duae

226 1067 424 1138 separantur.
457 1057 485 1118 B
509 1067 614 1120 autem
638 1058 720 1120 duce
746 1055 984 1136 anapaesticum
1009 1057 1204 1120 octonarium
1228 1063 1339 1142 hyper-

225 1168 414 1228 catalectum
447 1163 499 1243 (-
523 1161 644 1241 metuit)
682 1174 713 1226 ct
737 1163 908 1228 dimetrum
927 1163 1154 1246 discripserunt
1179 1168 1341 1232 Goetzius-

229 1276 420 1342 Schoellius.
440 1277 503 1340 Sed
519 1279 546 1338 Β
562 1277 646 1338 sicut
659 1276 687 1336 Α
699 1285 768 1354 post
779 1296 895 1358 quaeso
909 1275 1086 1355 distinguit,
1100 1280 1197 1340 altera
1208 1278 1342 1360 tripudia

127 1410 129 1414 ·
225 1383 408 1446 catalectica
419 1381 562 1462 sequenti
579 1383 686 1444 versui
700 1382 899 1444 adhaerente.

265 1491 295 1551 5.
313 1491 398 1552 Cum
413 1486 590 1550 bacchiacis
605 1485 783 1565 iunguntur
795 1487 869 1550 Cas.
881 1487 1025 1558 843-845,
1039 1487 1117 1552 Cist.
1130 1493 1187 1563 4a,
1201 1491 1230 1565 b,
1244 1493 1339 1554 Most.

224 1599 284 1660 874
298 1617 329 1674 a,
348 1599 378 1660 b.

266 1707 340 1774 Cas.
369 1705 502 1770 843-845
531 1703 685 1784 tripudias
715 1705 914 1767 catalecticus
945 1717 1006 1769 tres
1040 1717 1235 1786 agnoverunt
1264 1713 1342 1784 Lea,

225 1808 416 1884 Schoellius,
437 1808 591 1881 Klotzius,
607 1808 962 1884 uectatus-Schoenus,
979 1828 1060 1888 quae
1074 1811 1108 1872 in
1120 1811 1147 1872 Α
1160 1821 1241 1873 recte
1255 1830 1341 1892 sepa·

224 1928 344 1982 rantur.
363 1917 401 1978 V.
416 1916 476 1979 842
489 1925 595 1978 autem
607 1915 797 1979 bacchiacus
813 1925 991 1978 tetrameter
1006 1928 1053 1979 est
1062 1918 1144 1979 sicut
1161 1938 1192 1979 v.
1209 1920 1343 1982 839-840

224 2033 254 2088 11
279 2021 438 2086 bacchiaci
462 2011 536 2101 cum
554 2021 734 2102 anapaestis
752 2021 909 2084 alternant
925 2031 1092 2101 postquam
1107 2041 1181 2085 cum
1196 2023 1340 2088 iambicis

224 2128 366 2194 dimetris
381 2127 570 2192 catalecticis
586 2129 833 2192 alternaverunt.
853 2125 939 2190 Nam
951 2129 1037 2191 illius
1048 2129 1163 2192 cantici
1174 2129 1342 2193 manifesta

224 2244 272 2298 est
285 2233 480 2298 concinnitas
494 2255 500 2294 :

302 2389 331 2431 v.
347 2369 481 2432 831-832
644 2369 751 2430 bacch.
768 2367 937 2430 tetrametri

379 2479 438 2542 833
640 2477 737 2540 iamb.
754 2477 887 2540 dimeter
900 2487 960 2540 cat.

286 2585 299 2758 ἓ
338 2587 479 2650 834-835
642 2587 750 2646 11111.
769 2585 938 2646 tetrametri

379 2693 439 2755 836
641 2691 734 2753 iamb.
754 2691 885 2754 dimeter
900 2701 958 2754 cat.

379 2797 438 2860 837
640 2797 748 2858 bacch.
765 2805 943 2859 tetrameter

366 2895 368 2900 ’
381 2908 438 2969 838
640 2906 737 2971 iamb.
753 2906 887 2969 dimeter
901 2917 960 2969 cat.

233 3073 235 3078 .
338 3016 471 3081 839-840
640 3018 750 3078 bacch.
770 3018 939 3080 tetrametri

379 3123 437 3185 841
639 3141 691 3184 an.
708 3120 853 3210 dimeter·

378 3232 437 3293 842
640 3229 750 3290 bacch.
765 3237 942 3292 tetrameter

339 3336 476 3399 843-845
637 3351 688 3394 an.
705 3331 859 3412 tripodiae
873 3342 933 3394 011.

383 3445 443 3506 846
502 3507 505 3512 ,
644 3441 741 3503 iamb.
758 3441 890 3504 dimeter
903 3452 965 3505 cat.

264 3551 344 3615 Cist.
365 3554 384 3611 4
407 3571 437 3621 a,
459 3553 546 3612 ban.
569 3547 723 3628 tripediae
738 3547 941 3610 catalecticae
956 3550 1048 3618 duae,
1063 3567 1141 3628 quas
1159 3550 1339 3612 Schoellius

222 3669 253 3723 et
279 3657 622 3722 Goetzius-Sohoellius
647 3666 853 3735 agnoverunt,
876 3655 1061 3718 bacchiaoos
1080 3667 1275 3720 tetrametros
1295 3677 1339 3720 se·

223 3767 374 3839 quuntur.
393 3760 439 3819 De
454 3755 664 3837 anapaesticis
680 3754 825 3816 dimetris
840 3753 882 3832 (8,
898 3753 948 3833 10)
965 3774 1037 3815 cum
1055 3755 1233 3818 bacchiacis
1247 3766 1339 3817 tetra-

222 3866 330 3934 metris
360 3865 392 3927 in
421 3867 532 3927 eodem
553 3863 676 3926 cantico
698 3863 926 3926 alternantibus
951 3865 1044 3936 inira,
1071 3865 1103 3925 in
1128 3865 1215 3927 tertia
1241 3874 1338 3944 parte,

222 3976 356 4040 dicetur.

263 4085 343 4144 Item
360 4082 455 4142 Most·
475 4081 534 4142 874
549 4098 579 4148 a,
605 4081 622 4140 b
637 4078 859 4158 anapaesticae
874 4079 1030 4160 tripediae
1045 4080 1245 4142 catalecticae
1260 4082 1339 4142 duae

223 4191 429 4253 bacchiacum
453 4196 668 4250 tetrametrum
690 4195 865 4266 sequuntur
886 4185 1087 4265 similemque
1110 4205 1237 4248 versum
1252 4199 1338 4249 ante·

223 4299 349 4361 cedunt.
369 4297 493 4357 Horum
518 4303 624 4356 autem
651 4293 893 4354 bacchiacorum
917 4303 1173 4358 tetrametrorum
1203 4295 1339 4375 priorem

224 4402 266 4481 (v.
281 4399 352 4478 873)
372 4399 593 4478 anapaesticus
627 4397 759 4459 dimeter
780 4397 822 4474 (v.
848 4394 920 4473 872)
942 4398 1108 4470 antecedit,
1136 4401 1338 4478 posteriorem

223 4511 265 4590 (v.
288 4510 361 4585 875)
382 4508 604 4590 anapaesticus
631 4507 762 4569 dimeter
795 4507 837 4584 (v.
865 4506 935 4585 876)
961 4508 1114 4586 sequitur.

262 4615 311 4674 Ad
336 4615 411 4674 haec
437 4613 554 4694 Amph.
580 4612 637 4674 165
657 4630 686 4686 a,
705 4612 722 4670 b
738 4609 957 4688 anapaesticae
972 4611 1126 4689 tripodiae
1142 4615 1339 4674 catalecticae

221 4717 314 4789 duae,
339 4735 418 4794 quas
440 4725 512 4777 aute
532 4715 769 4795 anapaesticum
789 4713 960 4776 dimetrum
976 4715 1143 4774 collocatas
1159 4734 1227 4775 esse
1243 4734 1339 4794 supra

225 4818 383 4890 ¹vidimus,
409 4816 620 4880 bacchiacum
638 4827 852 4880 tetrametrum
875 4825 1063 4896 sequuntur.
1126 4861 1129 4870 ,
