3446 5626
631 707 673 748 ns
694 707 735 750 an
757 707 896 750 narnien
1281 691 1321 752 et

205 851 326 920 narius,
339 852 516 914 trochaicus
532 851 710 914 octonarius
733 853 873 930 sequitur
892 871 965 916 cum
987 861 1132 930 quattuor
1153 852 1321 916 trochaicis

203 959 349 1040 tripudiis
371 959 573 1024 catalecticis.
595 960 640 1022 De
659 959 756 1022 variis
772 963 887 1022 horum
901 977 1051 1023 versuum
1062 959 1321 1040 discriptionibus

203 1064 276 1126 vide
291 1083 397 1145 supra.
417 1066 454 1126 V.
471 1063 529 1124 921
551 1063 576 1125 si
593 1063 706 1126 tradita
734 1064 830 1126 verba
848 1074 1022 1138 servantur,
1046 1063 1128 1124 nihil
1143 1061 1230 1125 aliud
1254 1081 1322 1124 esse

203 1183 303 1256 potest
317 1191 417 1266 quam¹
429 1191 484 1234 an.
504 1171 695 1234 octonarius.
719 1173 755 1234 V.
772 1173 832 1234 922
851 1181 956 1233 antem
978 1189 1042 1234 non
1056 1169 1252 1233 trochaicum
1268 1172 1322 1233 sed

202 1277 439 1358 anapaesticum
454 1295 522 1338 esse
541 1277 630 1337 docet
644 1275 775 1337 suscitet
797 1277 880 1354 quod
896 1293 952 1356 pro
968 1277 1117 1354 unopede
1136 1274 1184 1335 vel
1199 1274 1323 1336 duobus

203 1384 417 1466 semipedibus
443 1387 549 1448 valere
577 1385 611 1446 iu
630 1382 809 1464 anapaestis
828 1393 953 1445 tantum
972 1394 1084 1462 potest.
1105 1383 1173 1445 Nec
1198 1400 1324 1444 necesse

203 1500 250 1554 est
272 1511 347 1553 cum
368 1490 539 1572 Spengclio
566 1499 597 1552 et
627 1489 900 1552 Sonnenschcinio
923 1489 1040 1559 <id>
1054 1501 1125 1571 post
1139 1494 1324 1570 ecspectorc

203 1601 327 1672 addere,
339 1619 415 1663 nam
432 1605 557 1680 oportet
572 1598 675 1661 metiri
688 1599 763 1661 licet
777 1610 806 1662 et
821 1611 890 1678 post
902 1599 986 1660 enim
1002 1599 1125 1663 hiatum
1139 1599 1318 1662 admittere.

442 1812 473 1875 9.
495 1809 663 1871 Octonarir'
679 1831 750 1871 cum
766 1810 1115 1892 iambirtsjunyuntur.
1149 1895 1155 1906 .

245 1989 336 2051 Pers.
367 1989 500 2053 843-848
515 2003 570 2054 se'x
589 1988 778 2062 octonarios,
795 2009 886 2068 quos,
917 1999 950 2051 nt
972 2009 1068 2070 supra
1096 1989 1246 2066 vidimus,
1264 2001 1324 2053 tro·

202 2095 304 2158 chaici
325 2114 432 2157 versus
461 2098 661 2168 antecedunt,
685 2097 828 2175 sequitur
849 2095 1007 2159 iambicus
1030 2098 1162 2160 dimeter
1190 2101 1323 2162 catalec-

203 2201 297 2272 ticus,
313 2211 383 2263 tum
399 2201 555 2265 iambicus
570 2201 702 2264 dimeter
721 2221 795 2264 cum
809 2203 955 2267 clausula
972 2203 1135 2267 Rciziana.

246 2310 321 2372 Vice
335 2329 429 2373 versa
447 2329 485 2372 ex
501 2309 636 2372 iambico
661 2329 753 2373 versu
767 2313 808 2373 ad
829 2310 1001 2374 trochaicos
1018 2311 1186 2376 transitum
1205 2311 1327 2376 iaciunt

203 2441 260 2485 an.
277 2420 427 2484 octonarii
444 2421 528 2483 Rud.
540 2420 722 2484 921-922de
737 2422 856 2502 quibus
868 2439 964 2500 supra
977 2421 1097 2484 dictum
1110 2433 1170 2484 est.
1250 2507 1253 2514 .

527 2663 587 2743 §3-
605 2699 643 2708 —
656 2665 706 2726 De
720 2663 933 2726 dimetrorum
949 2684 1008 2725 nen
1037 2735 1045 2748 ἱ

244 2837 444 2918 Anapaestici
460 2837 585 2900 dimetri
599 2835 762 2900 acatalecti
778 2837 864 2918 apud
880 2839 1032 2899 Plautum
1055 2837 1151 2897 modo
1166 2854 1241 2897 cnm
1253 2835 1325 2898 aliis

205 2945 416 3032 anapaesticis
431 2945 586 3021 versibus,
602 2948 696 3009 modo
712 2965 786 3009 cum
799 2944 872 3008 aliis
885 2943 993 3007 metris
1010 2944 1200 3024 junguntur.

243 3141 275 3202 1.
294 3137 458 3199 Dimctroa
471 3135 617 3218 sequitur
631 3134 767 3196 dimeter
782 3133 988 3228 catalecticus
1011 3132 1270 3216 (paroemiarum).

246 3317 289 3378 Ut
302 3315 388 3396 apud
403 3305 549 3386 Graecos,
573 3313 616 3375 ita
631 3315 716 3396 apud
739 3315 889 3376 Plautum
914 3331 976 3375 non
995 3332 1066 3376 rara
1079 3322 1154 3375 sunt
1168 3331 1325 3391 anapaes-
1364 3383 1367 3389 ¹

203 3421 265 3486 tica
279 3433 453 3502 systemata
477 3421 650 3484 edimctris
672 3422 850 3484 constantia
874 3441 1010 3500 quorum
1032 3421 1164 3483 ultimus
1191 3423 1325 3483 catalec-

203 3525 284 3588 tiens
299 3537 356 3588 est.
410 3503 412 3509 ⁵
639 3515 642 3520 ’

244 3637 331 3698 Nam
360 3637 389 3696 A
411 3643 441 3698 et
468 3634 641 3697 Btestibus
671 3636 801 3698 Stichus
829 3637 929 3696 22-27
966 3636 1092 3698 dimetri
1123 3644 1208 3703 sunt,
1244 3652 1325 3714 qnos

204 3737 347 3818 sequitur
360 3738 491 3800 dimeter
504 3739 715 3815 catalecticus,
727 3740 865 3818 itemque
877 3739 1006 3801 Stichus
1020 3737 1125 3808 29-31,
1139 3739 1243 3800 33-37.

243 3847 332 3910 Trin.
349 3847 521 3912 sto-ena
537 3849 617 3910 duce
632 3859 692 3910 tres
712 3848 836 3911 dimetri
852 3847 1046 3909 discribendi
1071 3858 1146 3910 sunt
1159 3857 1190 3909 et
1211 3867 1246 3908 v.
1265 3847 1325 3909 842

203 3945 422 4028 paroemiacus
436 3957 499 4007 est:
527 3945 559 4008 in
577 3947 602 4006 B
627 3957 737 4009 autem
753 3947 812 4008 840
837 3965 857 4008 a
872 3956 901 4008 et
931 3948 991 4008 840
1006 3947 1024 4006 b
1054 3963 1120 4007 uno
1136 3963 1228 4007 versu
1244 3945 1326 4007 seri-

206 4049 322 4111 buntnr
344 4057 374 4109 et
388 4047 516 4110 initium
531 4066 641 4110 versus
656 4050 716 4109 842
727 4048 831 4110 versui
845 4049 901 4109 841
925 4048 1083 4109 adhaeret.

243 4154 331 4216 Trin.
348 4151 522 4215 aes-2683
538 4153 617 4216 duce
627 4161 697 4214 octo
711 4151 836 4212 dimetri
852 4161 965 4214 suntet
981 4170 1010 4210 v.
1027 4149 1087 4212 269
1097 4150 1230 4212 dimeter
1244 4159 1325 4210 cata·

157 4261 160 4266 ’
205 4263 356 4326 lecticus:
374 4262 401 4322 A
414 4273 522 4324 contra
536 4265 593 4323 hos
607 4263 780 4324 versiculos
796 4261 1148 4341 binoscomprehendit.

244 4373 337 4434 Truo.
371 4372 507 4432 124-127
531 4369 565 4434 in
581 4374 609 4432 A
624 4382 706 4433 recte
730 4369 872 4450 discripti
892 4383 981 4446 sunt;
1007 4371 1040 4432 in
1065 4373 1219 4432 Bversus
1236 4372 1329 4450 plano

200 4478 317 4542 turbati
343 4486 428 4540 sunt.

243 4585 373 4650 Rudens
393 4583 453 4645 933
468 4582 560 4644 t-935
587 4603 606 4644 a
637 4581 787 4644 dimetros
819 4591 966 4663 quattuor
993 4583 1061 4662 jure
1098 4579 1330 4664 discripserunt

205 4689 399 4752 Buechelcro
414 4690 494 4752 duce
509 4687 875 4752 Goetzius·Schoellius:
894 4709 928 4754 v.
947 4689 1039 4754 933a
1063 4691 1149 4754 enim
1170 4692 1240 4756 sine
1262 4693 1327 4755 ullo

204 4797 301 4862 dubio
315 4807 465 4876 tanquam
480 4797 702 4880 paroemiacns
715 4799 911 4879 separandus
924 4808 981 4876 est,
1001 4798 1059 4861 etsi
1074 4801 1132 4864 hos
1153 4802 1328 4868 versiculos

1250 4925 1265 4974 7
