3542 5624
424 672 465 738 60
757 693 798 738 ne
819 694 989 738 rutnrrrus
1012 695 1209 742 ruarrnsrrs

349 896 352 905 ,
424 833 500 906 arsi,
517 829 599 894 duae
613 831 646 894 in
662 840 749 896 sexta
764 833 856 904 thesi,
885 834 967 895 duae
992 832 1025 895 in
1055 843 1142 898 sexta
1168 835 1244 912 arsi,
1271 845 1330 899 tres
1351 836 1384 898 in
1409 831 1542 918 septima

422 936 516 1012 thesi,
537 946 685 1016 quattuor
699 935 734 998 in
752 935 886 1016 septima
900 937 976 1010 arsi,
999 956 1064 1001 una
1078 938 1111 1000 in
1127 949 1237 1003 octava
1254 942 1347 1016 thesi,
1366 941 1400 1004 in
1415 962 1542 1008 summa

423 1047 654 1128 quinquaginta
669 1065 733 1109 una
743 1046 777 1109 in
790 1047 883 1122 thesi,
901 1047 1014 1128 viginti
1029 1049 1063 1110 in
1078 1049 1152 1112 arsi.
1172 1053 1207 1112 ln
1224 1051 1328 1131 prima
1336 1051 1541 1116 dimetrcrum

422 1155 503 1218 thesi
527 1155 1011 1235 quattuordecim.inveniuntur,
1024 1157 1172 1239 inprime
1191 1160 1255 1222 arsi
1269 1178 1344 1234 una,
1358 1160 1389 1222 in
1404 1163 1542 1226 secunda

422 1263 503 1326 thesi
517 1265 608 1337 duae,
625 1263 658 1324 in
673 1265 812 1326 secunda
822 1264 885 1326 arsi
902 1283 977 1338 una,
995 1265 1028 1327 in
1044 1265 1133 1328 tertia
1146 1267 1228 1329 thesi
1241 1277 1316 1346 tres,
1329 1268 1361 1329 in
1373 1269 1464 1331 tertia
1478 1270 1540 1332 arsi

423 1367 514 1435 duae,
529 1364 562 1425 in
574 1376 685 1444 quarta
696 1365 777 1428 thesi
793 1376 865 1442 tres,
882 1367 1051 1430 insumma
1065 1367 1177 1448 viginti
1201 1372 1283 1432 duae
1296 1371 1329 1432 in
1343 1371 1435 1443 thesi,
1453 1381 1540 1452 qnat-

422 1485 492 1538 tuor
506 1474 541 1536 in
555 1475 631 1538 arsi.
708 1545 710 1548 .

463 1584 650 1646 Notandum
664 1593 711 1646 est
725 1584 759 1648 iu
778 1583 913 1663 septima
928 1586 991 1647 arsi
1007 1585 1257 1665 septenariorum
1272 1607 1330 1652 nec
1344 1608 1454 1652 vocem
1470 1609 1538 1672 pyr-

422 1692 582 1754 rhichiam
597 1692 733 1754 inveniri
749 1711 806 1754 nec
823 1713 932 1756 vocem
948 1693 1117 1756 iambicam
1130 1695 1256 1776 corripi,
1274 1697 1307 1758 in
1329 1707 1440 1762 octava
1459 1699 1539 1762 thesi

423 1795 658 1858 octonariorum
672 1813 782 1858 vocem
798 1797 1014 1875 pyrrhichiam
1039 1817 1109 1859 raro
1131 1798 1206 1878 poni
1219 1808 1248 1861 et
1269 1800 1356 1863 vocis
1383 1801 1541 1865 iambicae

422 1915 583 1985 correptae
597 1881 745 1986 exempla
764 1907 882 1981 deesse,
904 1905 938 1967 in
960 1916 1071 1985 quarta
1096 1908 1346 1988 septenariorum
1361 1910 1538 1974 octonario·
1557 1953 1561 1958 ι

331 2043 334 2053 ‹
422 2032 558 2090 rumque
574 2013 652 2074 thesi
669 2031 785 2092 paucas
802 2013 937 2076 inveniri
954 2033 1045 2076 voces
1062 2015 1259 2093 pyrrhichios
1280 2027 1309 2077 et
1329 2036 1398 2079 raro
1414 2037 1540 2098 quoque
1621 2021 1622 2028 ’

370 2131 372 2134 ·
421 2135 532 2178 vocem
560 2115 731 2178 iambicam
755 2115 881 2196 corripi,
914 2116 1052 2197 plurima
1080 2127 1185 2180 autem
1221 2119 1422 2200 pyrrhichiae
1450 2122 1538 2183 vocis

421 2227 568 2304 exempla
583 2226 614 2287 in
628 2225 743 2308 prima,
765 2226 857 2289 tertia
872 2226 1045 2306 quintaque
1065 2227 1145 2289 thesi
1166 2237 1297 2300 exstare,
1316 2228 1457 2310 plurima
1472 2251 1539 2293 cor

423 2339 530 2412 reptae
546 2329 700 2394 iambicae
715 2330 799 2393 vocis
814 2330 847 2392 in
857 2330 972 2412 primo,
989 2333 1127 2392 secundo
1141 2329 1313 2409 quintoque
1328 2333 1416 2412 pede.

497 2546 535 2606 B.
553 2543 744 2608 0666616113
766 2541 912 2608 iambicis
934 2563 1072 2626 querum
1085 2545 1189 2606 altere
1203 2545 1329 2624 syllaba
1345 2549 1463 2606 nature

895 2652 993 2730 loppa
1015 2657 1061 2714 cel

461 2820 498 2878 ln
514 2815 594 2879 thesi
610 2815 732 2895 prima:
750 2812 898 2874 abiTrin.
914 2813 1088 2895 8301666),
1106 2814 1180 2878 ahio
1194 2816 1311 2877 Bacch.
1324 2813 1403 2876 1176
1414 2811 1536 2897 (sept),

419 2925 477 2986 adi
492 2927 580 2986 Pers
596 2924 653 2986 791
672 2920 767 3000 (oct),
786 2941 877 2983 emes
900 2923 987 2984 Pers.
1012 2923 1070 2984 177
1093 2919 1338 2998 ((1116.),αη1661
1363 2921 1450 2986 Trin.
1478 2923 1537 2984 267

345 3015 348 3022 ’
420 3025 534 3106 (dim),
552 3026 658 3087 brocia
675 3025 745 3086 Mil.
764 3025 843 3087 1020
859 3023 975 3105 (sept),
995 3025 1072 3086 cerlo
1097 3025 1169 3088 Mil.
1195 3025 1273 3088 1016
1293 3025 1411 3110 (sept),
1439 3028 1535 3089 Most.

419 3131 489 3200 332,
509 3131 595 3190 Pers.
612 3127 672 3191 500
687 3125 787 3205 (oct),
803 3126 890 3186 domi
907 3127 1022 3188 Pseud.
1043 3127 1100 3188 183
1124 3125 1222 3206 (oct),
1241 3146 1299 3208 cpe
1316 3129 1434 3196 Bacch.
1456 3127 1535 3191 1032

420 3229 518 3310 (oct),
545 3231 623 3290 1177
641 3226 756 3308 (sept),
778 3229 896 3290 11926
921 3226 1039 3308 (sept-l,
1066 3248 1147 3310 cyon
1169 3230 1288 3292 Bacch.
1316 3231 1395 3298 1190
1416 3229 1534 3314 (sept-l,

410 3347 489 3424 sero
515 3343 600 3404 Bud.
617 3341 711 3403 9570
737 3337 851 3418 (dim),
868 3343 986 3422 supel¹
1013 3339 1091 3402 nist.
1117 3341 1534 3419 616(1161.),16660663.

417 3456 476 3518 661
498 3451 614 3532 (dim),
631 3452 725 3512 homo
750 3449 822 3512 Mil.
840 3450 918 3514 1012
936 3447 1048 3532 (sept),
1075 3449 1120 3511 ibi
1142 3453 1234 3513 Truc.
1264 3454 1323 3514 110
1345 3450 1439 3534 (oct),
1459 3453 1537 3525 jube

422 3559 493 3620 Mil.
521 3557 600 3646 1093
627 3552 742 3633 (sept),
771 3553 877 3614 madet
903 3555 996 3616 Most.
1020 3555 1089 3628 331,
1117 3554 1200 3615 male
1220 3556 1308 3618 Pers.
1333 3545 1393 3620 784
1416 3553 1534 3640 (sept),

421 3685 514 3726 manc
530 3664 604 3724 063.
621 3661 679 3722 727
701 3656 799 3734 (661),
826 3657 906 3718 meri
924 3657 995 3718 Mil.
1017 3657 1094 3720 1077
1114 3656 1229 3738 (sept),
1253 3679 1339 3724 mooe
1361 3660 1450 3730 Pers.
1476 3661 1536 3724 772

419 3769 539 3851 (sept),
556 3788 634 3830 neoc
651 3767 766 3828 Pseud.
784 3762 1000 3844 6016011111),
1016 3764 1130 3845 probri
1146 3765 1263 3828 Bacch.
1281 3766 1360 3827 1167
1382 3785 1400 3828 6
1416 3765 1533 3846 (dim),

419 3880 513 3964 quasi
537 3878 608 3940 Mil.
630 3877 709 3938 1035
730 3871 847 3954 (sept),
872 3873 968 3934 redit*
991 3875 1064 3936 063.
1090 3873 1151 3935 719
1173 3872 1270 3953 (oct),
1296 3895 1392 3938 soror
1414 3877 1532 3950 Bacch.

418 3990 496 4054 1149
524 3986 639 4070 (sept),
660 3992 728 4048 lece
745 3987 839 4047 0616.
864 3985 921 4048 131
943 3981 1040 4061 (oct),
1059 3983 1160 4047 Stich.
1179 3982 1348 4064 37011111),
1364 3985 1422 4048 libi
1435 3987 1533 4049 0616.

417 4095 476 4158 139
504 4089 678 4172 (661.),661
708 4089 788 4150 Cist.
814 4087 874 4150 676
897 4084 1010 4167 (sept),
1036 4089 1151 4150 Pseud.
1177 4088 1236 4150 913
1258 4091 1275 4150 b
1301 4088 1418 4172 (dim),
1446 4093 1530 4152 Rud.

447 4270 471 4321 1.
488 4270 527 4322 Or
536 4267 649 4318 finalem
661 4265 689 4314 in
710 4264 824 4314 vocibus
848 4263 945 4326 quales
963 4269 1027 4314 sunt
1040 4275 1130 4327 emor,
1145 4277 1236 4328 seror,
1250 4281 1333 4326 umor,
1351 4279 1460 4330 semper
1474 4269 1536 4318 lon-

417 4355 484 4408 gum
498 4353 557 4390 esse
571 4338 643 4402 apud
656 4337 783 4386 Plautum
802 4335 1001 4385 demonstravit
1015 4336 1178 4399 Muellerus,
1197 4336 1295 4390 Pleut.
1312 4339 1404 4402 Pron,
1420 4354 1445 4403 p.
1463 4341 1502 4392 42.

447 4413 471 4463 2.
491 4413 531 4462 06
559 4413 590 4460 at
618 4408 695 4458 llnali
714 4407 787 4470 apud
804 4407 932 4456 Plautum
953 4420 1060 4470 semper
1076 4409 1168 4472 longo,
1194 4409 1288 4462 centor
1308 4411 1437 4471 Mueller,
1455 4411 1532 4474 illel,

417 4500 471 4604 pb.
489 4555 528 4604 De
555 4555 580 4601 cl
603 4549 679 4600 finali
701 4523 731 4598 iri
747 4547 896 4598 indicativo
911 4549 1048 4610 praesenti
1063 4555 1089 4599 et
1106 4549 1136 4598 in
1156 4549 1334 4612 subjunctivo
1356 4554 1493 4615 praesenti
1508 4559 1535 4604 et

428 4642 445 4676 n
463 4627 555 4676 luturo
569 4622 643 4685 apud
660 4620 789 4670 Plautum
806 4620 897 4682 longo,
911 4619 1006 4670 confer
1021 4621 1150 4683 Mueller,
1170 4620 1248 4684 told,
1266 4638 1292 4686 p.
1309 4623 1348 4672 62.

446 4699 470 4748 l.
486 4699 526 4747 06
539 4695 561 4744 tt
575 4693 651 4744 linali
665 4693 693 4742 in
711 4691 858 4740 indicativo
876 4693 1011 4754 praesenti
1028 4697 1139 4754 quartae
1157 4692 1360 4760 conjugationis
1379 4701 1407 4746 et
1427 4697 1455 4746 in
1471 4699 1534 4748 sub-

415 4769 539 4834 junctivo
556 4766 677 4830 perlecto
692 4770 719 4814 et
730 4763 758 4811 in
774 4763 865 4812 tuturo
881 4767 977 4816 exacto
992 4769 1018 4814 et
1032 4764 1060 4813 in
1076 4766 1195 4827 perlecto
1210 4767 1283 4829 apud
1295 4767 1427 4818 Plautum
1439 4768 1532 4833 longo,

416 4841 511 4893 confer
525 4837 652 4898 Mueller,
670 4832 748 4896 ttici,
768 4848 793 4897 p.
809 4833 848 4883 67.
