3446 5626
671 711 711 756 nn
732 709 891 753 nsosonta
1297 685 1337 748 89

192 933 195 940 ⁴
258 857 358 922 such.
373 855 433 920 326
447 856 467 918 b
481 855 584 918 ludatis
598 853 696 931 cenis,
712 853 747 917 in
762 849 825 916 fine
837 853 972 916 dimetri.

242 989 243 996 ¹
259 969 296 1028 ln
307 965 362 1028 ‘his
374 963 562 1028 certioribus
573 961 740 1044 exemplis,
758 963 881 1042 syllaba
897 959 1002 1024 finalis
1018 960 1122 1024 littera
1138 980 1154 1021 a
1171 958 1338 1023 terminata

219 1073 303 1154 prior
316 1073 415 1136 thesis
430 1091 503 1156 pars
531 1083 588 1147 est,
607 1072 638 1134 in
665 1073 754 1134 nullo
770 1071 855 1152 prior
878 1070 958 1133 arsis
973 1091 1048 1153 pars
1060 1082 1121 1134 est.
1143 1073 1226 1151 Ergo
1247 1069 1337 1132 sirni-

218 1183 288 1246 liter
301 1181 470 1246 metiemur
486 1203 492 1243 :
510 1181 607 1242 decula
620 1179 709 1262 pluet
732 1179 828 1241 Cure.
859 1180 915 1241 131
934 1177 1035 1258 (oct),
1052 1180 1244 1256 accussaret
1263 1179 1335 1241 Mil.

217 1289 295 1354 1083
311 1287 423 1370 (sept).
443 1289 506 1350 Sed
522 1287 626 1370 potius
641 1286 837 1348 metiendum
849 1285 971 1350 videtur
988 1277 1106 1348 natalis
1123 1285 1191 1346 dies
1212 1283 1330 1347 Pseud.

217 1401 276 1464 165
301 1397 398 1478 (oct),
417 1417 515 1478 quam
531 1396 650 1459 natulis
679 1395 758 1470 dica,
787 1388 878 1476 pejus
901 1397 990 1478 perit
1014 1395 1106 1457 Trin.
1126 1394 1214 1459 265b
1231 1392 1335 1472 (dim.)
1374 1397 1377 1406 '

218 1526 314 1588 quam
338 1503 426 1588 pcjirs
443 1509 539 1586 peril,
565 1497 665 1566 lucide
682 1503 789 1566 lobias
810 1502 897 1565 Trio.
914 1503 972 1566 821
999 1499 1092 1580 (oct.)
1115 1520 1212 1581 quam
1232 1497 1336 1562 laerta

218 1617 337 1687 lubens,
356 1607 432 1676 uaria
446 1613 558 1676 cumin
569 1613 635 1674 lilio
648 1611 736 1675 Trin.
752 1613 811 1674 827
827 1603 913 1688 (oct.)
930 1631 1027 1692 quam
1039 1609 1117 1673 usila
1133 1632 1203 1674 sum
1214 1611 1247 1672 in
1257 1613 1334 1682 allo,

218 1713 308 1784 coitis
328 1721 385 1800 pol
394 1719 472 1803 bullo
491 1719 587 1780 Truc.
605 1713 759 1794 iustoci.)
772 1735 865 1796 quam
881 1715 971 1778 scilla
985 1716 1040 1796 pol
1059 1716 1148 1777 baec.

258 1827 347 1898 Quod
363 1828 403 1888 ad
417 1825 570 1888 iambicas
584 1841 676 1886 voces
692 1823 811 1892 attinet,
826 1833 967 1903 correpta
983 1819 1088 1884 finalis
1104 1822 1222 1902 ubique
1238 1823 1336 1886 altera

219 1926 317 1988 thesis
339 1927 389 1987 vel
418 1924 499 1986 arsis
528 1941 600 2004 pars
629 1932 686 1997 est,
705 1920 789 2000 prior
816 1940 988 2002 nusquam.
1007 1923 1089 2002 Ergo
1114 1923 1224 1984 eodem
1243 1921 1337 1982 modo

221 2031 338 2112 mupis,
355 2029 447 2104 aclis,
473 2049 534 2110 quo
558 2039 679 2092 ceterae
690 2028 845 2092 iambicac
871 2047 965 2090 voces
994 2047 1048 2108 pro
1073 2028 1256 2110 pyrrhichio
1279 2045 1337 2108 pc-

219 2144 340 2198 nuntur
350 2136 524 2213 eademque
539 2133 744 2196 videturesse
758 2132 963 2216 correptionis
977 2151 1084 2196 causa.

259 2243 338 2303 Item
361 2225 394 2302 in
410 2239 554 2302 hostibus
571 2243 658 2302 Pers.
684 2240 743 2300 753
765 2235 849 2316 (cot.)
869 2237 1089 2319 similibusque
1114 2239 1242 2302 vocibus
1257 2239 1336 2302 alit-

219 2359 319 2410 teram
335 2348 489 2412 caducam
513 2363 581 2408 esse
596 2347 687 2408 nullo
700 2346 888 2407 documento
903 2348 1145 2408 demonstratur.
1172 2347 1338 2409 Nonnulla

221 2463 329 2515 contra
349 2441 494 2531 exempla
508 2460 582 2512 sunt
596 2450 629 2511 iu
653 2450 771 2530 quibus
784 2453 861 2512 tales
877 2468 968 2512 voces
996 2469 1051 2530 pro
1081 2451 1238 2530 spondeis
1271 2470 1335 2513 non

218 2558 352 2638 dactylis
376 2557 543 2620 manifesto
574 2567 745 2638 ponuntur,
773 2575 886 2638 nempe
911 2556 1041 2618 uicimus
1070 2561 1167 2620 Poen.
1195 2560 1272 2620 1187
1303 2549 1363 2620 in'

219 2671 306 2724 sexto
335 2662 414 2742 pede
440 2661 604 2734 octonarii,
627 2659 754 2722 chilus
772 2663 859 2722 Pers.
876 2663 934 2723 781
947 2662 979 2724 in
995 2659 1134 2726 'secundo
1152 2665 1230 2746 pede
1255 2671 1337 2724 octo-

218 2776 312 2850 narii,
338 2774 480 2836 mcribus
507 2773 586 2836 Cisl.
610 2777 746 2836 221-222
772 2775 803 2836 in
830 2775 968 2838 secundo
997 2776 1074 2856 pede
1102 2775 1266 2849 octonarii,
1298 2775 1338 2839 de

217 2879 434 2962 praedonibus
459 2882 562 2946 Truc.
591 2883 651 2942 110
671 2881 705 2941 in
721 2891 807 2944 sexto
819 2883 897 2962 pede
911 2881 1074 2944 octonarii.
1096 2883 1212 2944 Confer
1228 2901 1336 2962 supra,

222 2987 280 3069 §a

479 3143 518 3203 ll.
540 3139 586 3204 Dc
600 3141 722 3222 sfinali
733 3147 807 3205 aule
817 3145 955 3207 coculam
963 3145 1072 3227 positu
1107 3103 1113 3116 ·

261 3345 326 3405 Leo
343 3341 359 3416 (
368 3339 533 3402 Vindiciuc
552 3340 726 3402 Plautinae
727 3343 775 3419 lc
791 3340 917 3406 finalem
941 3361 1004 3404 non
1021 3347 1115 3407 modo
1143 3353 1215 3407 ante
1230 3362 1335 3406 conso·

219 3452 346 3506 nantem
363 3428 528 3505 sedetiam
553 3453 624 3504 ante
641 3446 783 3506 vocalem
809 3463 1037 3524 nonnunquam
1061 3447 1215 3510 caducam
1239 3447 1339 3508 luisse

218 3539 379 3611 contendit
390 3567 446 3610 nec
457 3567 582 3627 semper
597 3549 802 3630 impedivisse
813 3551 887 3630 quin
906 3553 1094 3614 antecedens
1109 3553 1228 3615 vocalis
1245 3572 1337 3634 syna·

221 3653 366 3732 loepham
384 3661 551 3732 pateretur.

260 3763 297 3821 In
326 3759 536 3839 anapaesticis
560 3759 704 3822 versibus
734 3780 829 3841 supra
851 3764 990 3826 collectis
1020 3764 1090 3825 talis
1122 3767 1335 3847 synaloephae

219 3871 401 3948 exemplum
431 3868 557 3930 nullum
588 3869 694 3930 inveni
723 3873 807 3950 quod
847 3881 967 3934 certum
1003 3884 1095 3935 essct.
1135 3877 1220 3936 Nam
1260 3873 1333 3936 Cas.

218 3970 279 4032 726
294 3968 380 4047 loct.)
397 3976 570 4032 cucurulua
584 3970 743 4073 incessisti
758 3973 1099 4053 creticam'zjuncturam
1115 3979 1239 4056 praebet
1258 3997 1337 4056 quae

219 4076 301 4140 sicut
314 4093 432 4140 ceterae
448 4075 568 4140 similes
583 4079 743 4182 explanari
758 4100 849 4161 posse
860 4082 999 4144 videtur.
1012 4084 1093 4146 Vide
1109 4103 1205 4164 supra
1219 4087 1243 4160 5,
1260 4089 1293 4145 4.

440 4317 457 4398 §
471 4319 548 4382 9.-
562 4320 612 4380 Dc
625 4319 815 4399 brecifinali
830 4321 861 4382 in
875 4322 945 4384 arci
953 4323 1117 4403 producta

261 4500 297 4560 In
332 4491 542 4576 anapaesticis
567 4493 649 4556 siout
673 4497 705 4558 in
746 4498 891 4562 iambicis
915 4502 1145 4583 trochaicisque
1180 4506 1334 4582 versibus

220 4600 323 4663 brevis
343 4599 449 4669 finalis
476 4602 509 4662 in
538 4601 1045 4686 arsinonnunquamproducitur.
1075 4610 1122 4669 Gi.
1144 4611 1256 4680 Havet,
1287 4613 1337 4672 De

223 4704 380 4766 Saturnio
392 4724 494 4776 versu,
512 4723 543 4784 p.
560 4707 610 4777 51,
624 4723 689 4785 seq.

261 4819 454 4899 Exemplum
474 4815 589 4877 certius
616 4823 662 4876 est
691 4818 784 4878 Curc.
812 4820 869 4879 142
886 4817 989 4898 (sept.)
1002 4819 1154 4898 adficitur
1169 4825 1333 4886 oeralmcc.
