3446 5626
635 654 675 698 ns
696 653 739 698 as
759 652 899 700 unsaros
1198 658 1201 662 ·
1277 633 1334 695 127

208 781 378 860 trccbaicis
388 791 548 876 tripodiis)
560 793 790 874 discripserunt
804 789 996 867 Schoellius‚
1010 789 1167 859 Klotzius,
1176 789 1336 854 Goetzius-

213 904 403 968 Schoellius.
413 901 483 964 Tali
494 901 621 982 quidem
637 910 735 962 metro
750 917 860 962 versus
875 896 935 962 630
949 908 979 962 et
987 900 1045 962 631
1069 896 1258 978 compositos
1269 917 1338 961 esse

213 1025 326 1074 verum
345 1019 401 1072 est.
430 1009 494 1072 Sed
516 1005 549 1068 iu
574 1026 605 1070 v.
621 991 682 1070 630
707 1017 739 1066 et
752 1005 811 1067 631
840 1003 922 1067 inter
936 1003 1107 1065 dimetrum
1122 1011 1152 1066 et
1165 1000 1336 1082 tripodiam

159 1111 161 1118 '
214 1119 355 1198 legitime
367 1133 498 1180 caesura
511 1124 568 1185 est,
586 1114 620 1176 in
633 1114 683 1176 his
696 1124 802 1176 autem
818 1110 962 1176 versibus
978 1119 1113 1174 nonest.
1138 1110 1206 1172 Neo
1220 1107 1336 1172 rectius

215 1225 416 1307 Spengelius,
444 1226 604 1300 Reform„
626 1243 656 1306 p.
680 1223 757 1299 λ357,
782 1200 956 1286 iambicum
980 1221 1192 1304 septenarium
1218 1231 1249 1283 et
1273 1229 1336 1280 tro-

213 1335 363 1398 chaicum
387 1334 601 1414 septenarium
625 1333 735 1396 multis
757 1333 1004 1397 correctionibus
1028 1332 1223 1413 nequiquam
1244 1330 1336 1392 iactis

214 1440 360 1503 restituit.
382 1437 480 1502 Nulla
495 1449 604 1502 contra
617 1458 696 1520 opus
711 1449 768 1510 est.
783 1437 809 1499 si
826 1440 1039 1519 paroemiacos
1054 1447 1203 1520 quattuor
1227 1436 1337 1500 discri-

213 1546 330 1608 bimus.
362 1543 513 1624 Sequitur
531 1554 637 1608 autem
651 1543 791 1608 trimeter
822 1545 862 1608 de
888 1562 951 1624 quo
975 1544 1058 1606 infra
1082 1543 1115 1605 in
1144 1542 1234 1608 tertia
1249 1549 1336 1622 parte

212 1652 346 1717 dicetur.

255 1765 329 1826 Cas.
368 1761 501 1824 741-743
545 1763 761 1843 paroemiacos
804 1774 867 1824 tres
901 1771 1103 1844 agnoverunt
1133 1764 1335 1845 Spengelius,

217 1866 408 1941 Seboellius,
435 1864 654 1946 Klotziusque.
671 1867 710 1927 V.
736 1867 794 1928 741
809 1867 939 1946 quidem
952 1867 1124 1930 dimetrum
1140 1887 1208 1931 esse
1224 1873 1336 1932 volue-

214 1987 288 2046 runt
312 1978 669 2051 Goetaius-Schoellius,
706 1978 908 2042 Ambrosiani
937 1979 1106 2043 lectionem
1135 1980 1214 2042 milti
1247 1986 1339 2060 opust

215 2110 305 2153 cerco
335 2090 555 2152 Palatinorum
574 2087 702 2151 lectioni
733 2087 813 2149 milri
827 2108 916 2150 cerro
932 2093 1026 2168 opust
1041 2086 1132 2170 (opas
1149 2088 1206 2165 est)
1222 2091 1337 2153 antele-
1450 2089 1454 2096 '

216 2205 329 2259 rentes.
347 2195 468 2257 Verum
484 2202 608 2257 servato
620 2191 780 2256 eoordinc
793 2192 848 2272 qui
865 2191 1075 2255 Ambrosiano
1087 2194 1222 2256 traditur
1232 2213 1338 2273 paroe-

215 2302 340 2366 miacus
357 2303 446 2366 facile
457 2302 669 2371 constituitur,
682 2304 777 2364 modo
790 2301 835 2363 mi
850 2299 980 2365 scribas.
997 2305 1042 2366 De
1057 2305 1179 2367 duobus
1189 2306 1339 2369 trimetris

216 2427 296 2490 quos
308 2408 342 2470 bi
358 2408 544 2488 paroemiaci
559 2418 622 2470 tres
636 2409 835 2478 antecedunt,
855 2408 938 2472 inira
959 2407 976 2489 ἓ
993 2412 1030 2472 13
1045 2410 1178 2474 dicetur.

257 2508 394 2570 Eosdem
421 2507 579 2570 trimetros
607 2517 669 2570 tres
686 2507 877 2589 paroemiaci
908 2508 978 2588 (748
1005 2527 1022 2572 a
1050 2508 1134 2588 749)
1150 2520 1338 2590 sequuntur.

220 2615 307 2678 Nam
322 2635 353 2678 v.
369 2617 429 2677 748
445 2633 475 2690 a,
487 2615 517 2686 b,
531 2615 744 2696 paroemiacos
759 2618 838 2678 duos
853 2617 1028 2698 dispescuit
1056 2619 1243 2694 Muellerus
1260 2640 1341 2700 quos

216 2723 245 2784 A
266 2710 297 2784 et
312 2723 338 2784 B
354 2719 436 2782 sicut
449 2739 480 2781 v.
513 2721 574 2783 749
587 2731 617 2784 et
640 2721 701 2784 750
724 2729 956 2784 contraxerunt.
980 2722 1181 2803 Dactylicum
1210 2723 1341 2803 quidem

216 2845 286 2890 esse
300 2844 427 2888 versum
447 2833 557 2906 putant
582 2803 742 2896 Klotzi'ua
761 2825 952 2916 SchoellikuS,
976 2826 1340 2900 Goetcius-SchoelliuS,

218 2953 331 3016 nempe
342 2954 372 2994 v.
387 2935 447 2998 748
461 2955 479 2996 e
493 2935 618 2996 duobus
635 2933 799 3012 dactylicis
813 2934 1001 2996 tetrametris
1016 2934 1212 2998 catalecticis
1224 2938 1257 2997 in
1279 2937 1341 3017 syl·

219 3041 325 3102 labam
340 3047 494 3101 constare.
513 3039 576 3101 Sed
598 3057 637 3100 ex
657 3057 693 3100 eo
708 3039 794 3117 quod
821 3039 1025 3118 multipedes
1051 3040 1168 3119 dactyli
1190 3050 1263 3104 sunt
1278 3061 1341 3105 non

218 3147 394 3211 necessario
415 3145 614 3208 concluditur
645 3145 839 3227 dactylicum
864 3165 932 3208 esse
955 3157 1102 3210 metrum.
1133 3149 1219 3211 Nam
1248 3148 1339 3212 verbi

218 3257 322 3338 gratia
343 3257 428 3336 apud
455 3256 609 3326 Ennium,
627 3255 798 3326 Androm„
810 3275 841 3316 v.
854 3254 891 3318 81
911 3278 919 3318 ε

262 3363 400 3446 operer,
430 3385 448 3427 ο
471 3365 582 3446 patria,
600 3384 618 3426 ο
634 3364 756 3428 Priami
783 3368 907 3440 domus,

215 3473 462 3555 anapaesticum
493 3491 562 3534 esse
586 3474 635 3536 vel
663 3472 808 3535 Klotzius
827 3474 969 3536 concedit
997 3472 1171 3550 (dicunda,
1199 3494 1228 3555 p.
1255 3475 1338 3554 440),

217 3585 310 3662 cujus
337 3601 447 3645 omnes
471 3583 566 3664 pedes
582 3584 699 3662 dactyli
717 3593 800 3645 sunt.
826 3584 1053 3663 Anapaesticcs
1070 3593 1184 3652 ,autem
1210 3603 1280 3647 csse
1306 3605 1338 3645 v.

217 3693 351 3756 740747
376 3691 514 3769 itemque
534 3709 563 3750 v.
579 3691 639 3752 749
653 3691 856 3754 interomnes
881 3701 1015 3754 constat.
1039 3694 1124 3769 Ergo
1138 3703 1340 3773 anapaestos

219 3795 404 3858 continuare
431 3798 531 3858 decet.
558 3796 626 3857 Nec
655 3797 850 3877 septenarios
879 3797 1049 3877 Spengelio
1069 3799 1150 3861 duce
1174 3799 1364 3863 restituere-

218 3909 348 3980 oportet‚
375 3901 430 3962 sed
451 3899 542 3962 libris
568 3900 704 3963 ducibus
722 3901 936 3980 paroemiacos
967 3912 1028 3964 tres
1052 3901 1255 3976 constituere,
1285 3889 1341 3982 qui

218 4003 320 4066 tribus
335 4003 592 4067 antecedentibus
604 4005 813 4084 paroemiaois
833 4013 906 4086 apte
921 4006 1123 4084 respondent.

233 4113 236 4122 '
262 4108 347 4172 Rud.
364 4109 423 4172 189
432 4129 462 4186 a,
481 4111 511 4184 b,
526 4107 742 4190 paroemiacos
764 4109 924 4186 duosjure
938 4109 1182 4188 dispescuerunt
1201 4107 1341 4189 Seyffer-

218 4227 271 4280 -tus
284 4215 650 4296 Sonnenscheiniusque,
666 4217 720 4296 qui
732 4234 785 4279 an.
804 4215 1175 4297 trimetrumsequuntur,
1196 4216 1279 4280 sicut
1291 4234 1341 4298 pa-

221 4325 399 4388 roemiacus
414 4345 443 4386 v.
462 4325 521 4388 186
535 4344 586 4387 an.
604 4323 782 4387 trimetrum
794 4323 945 4404 sequitur.

262 4436 291 4496 5.
313 4434 395 4495 Cum
410 4432 610 4514 anapaestioa
625 4431 760 4511 tripodis
779 4432 962 4494 catalectica
980 4433 1170 4512 junguntur.
1190 4432 1265 4494 Cas.
1282 4430 1343 4494 902

223 4531 260 4611 a,'
270 4541 301 4616 b,
319 4539 396 4602 Cist.
415 4541 563 4602 218-220.

265 4654 350 4716 Nam
368 4652 446 4715 Cist.
469 4651 604 4715 218-220
624 4651 815 4731 paroemiaci
828 4661 889 4714 tres
909 4669 988 4731 quos
1002 4669 1099 4732 supra
1112 4650 1254 4713 vidimus
1271 4660 1343 4715 ante

224 4759 417 4842 septenarios
439 4761 607 4821 collocatos
631 4777 710 4832 esse,
727 4757 896 4840 tripodiam
918 4759 1131 4822 catalecticum
1151 4769 1341 4840 sequuntur.
