3542 5624
467 637 507 699 64
754 669 757 674 ·
800 658 840 699 oe
862 659 1031 702 eraurrrus
1054 659 1253 704 auaraasrrs

509 800 547 858 ln
559 797 640 860 thesi
655 805 757 858 sexta:
774 796 924 879 Philippi
936 798 1006 860 Mil.
1020 795 1098 862 1061
1124 797 1241 879 (sept).

508 905 613 966 luarsi
625 914 727 967 sexta:
742 904 904 966 mamillae
918 906 1033 969 Pseud.
1051 905 1110 970 180
1124 904 1222 986 (oet).

508 1011 547 1072 ln
560 1008 622 1072 arsi
638 1008 786 1091 septima:
803 1005 924 1070 dedisti
938 1011 1011 1072 Cas,
1023 1011 1082 1074 238
1098 1009 1214 1092 (sept).

508 1119 615 1196 Hujus
630 1136 754 1198 quoque
778 1118 995 1199 correptionis,
1012 1138 1094 1197 quae
1109 1119 1238 1200 quidem
1254 1119 1471 1198 superioribus
1487 1119 1583 1182 rarior

466 1233 523 1292 est,
540 1226 632 1302 plura
649 1222 774 1285 suntin
793 1221 873 1287 thesi
900 1225 1045 1304 exempla
1059 1243 1155 1302 quam
1171 1226 1204 1286 in
1226 1226 1307 1288 arsi:
1326 1244 1401 1288 nam
1417 1225 1583 1288 duodecim

467 1327 499 1389 in
514 1327 608 1401 thesi,
631 1345 688 1390 sex
706 1327 738 1389 in
759 1327 821 1390 arsi
844 1327 963 1408 iuveni.
989 1330 1101 1410 Neque
1130 1330 1223 1392 aliter
1250 1330 1288 1392 de
1317 1329 1356 1392 iis
1380 1329 1588 1410 polysyllabis

466 1432 598 1495 vocibus
612 1451 661 1494 res
683 1434 822 1494 sehabet
836 1451 968 1511 quarum
991 1445 1021 1495 et
1036 1433 1232 1513 principialis
1247 1444 1277 1495 et
1301 1435 1440 1495 secunda
1462 1433 1584 1510 syllaba

465 1549 580 1603 natura
595 1541 699 1602 brevis
714 1552 771 1602 est.
787 1543 872 1603 Nam
894 1541 1007 1604 iisdem
1023 1540 1055 1601 in
1082 1541 1225 1602 versibus
1241 1539 1450 1620 quadraginta
1469 1557 1583 1601 novem

464 1664 556 1708 voces
572 1644 653 1707 sieut
676 1645 801 1720 meliten,
819 1645 969 1714 dutmala,
988 1644 1213 1724 pdddtemptim
1241 1643 1393 1726 inprime
1409 1642 1583 1706 thesiinci·

466 1755 558 1835 piunt
573 1752 695 1836 (viginti
711 1757 792 1818 duae
811 1753 845 1817 in
858 1754 1054 1836 septenariis,
1080 1753 1194 1834 viginti
1215 1767 1335 1834 septem
1350 1754 1385 1816 in
1400 1754 1581 1828 octonariis,

463 1860 572 1921 decem
582 1853 615 1920 in
627 1857 793 1935 dimetria),
806 1859 1018 1939 septendecim
1031 1858 1062 1919 iu
1072 1858 1177 1939 prima
1187 1859 1250 1921 arsi
1260 1859 1380 1938 (decem
1397 1859 1429 1920 in
1442 1868 1583 1941 septena-

465 1965 533 2040 riis,
551 1965 692 2045 quinque
707 1966 740 2027 in
754 1965 935 2040 octonariis,
951 1967 1032 2027 duae
1047 1967 1080 2028 in
1094 1963 1259 2044 dimetria),
1277 1964 1582 2044 quinquagintano-

464 2089 537 2134 vem
559 2071 593 2133 in
622 2072 762 2133 secunda
783 2069 864 2133 thesi
887 2068 1012 2149 (viginti
1028 2068 1061 2131 in
1084 2068 1280 2149 septenariis,
1306 2069 1419 2147 viginti
1442 2069 1524 2131 duae
1551 2065 1585 2128 in

464 2177 645 2252 octonariis,
669 2175 881 2257 septendecim
906 2175 939 2236 in
961 2173 1128 2254 dimetria),
1146 2174 1273 2254 triginta
1294 2184 1364 2236 octo
1389 2174 1423 2236 in
1446 2174 1585 2236 secunda

465 2285 531 2348 arsi
546 2284 626 2363 (octo
646 2285 678 2346 in
694 2284 890 2366 septenariis,
908 2285 1120 2364 septendecim
1135 2285 1167 2346 in
1188 2283 1367 2359 octonariis,
1383 2283 1535 2346 tredecim
1550 2283 1583 2344 in

464 2391 632 2470 dimetria),
653 2394 864 2473 quadraginta
880 2404 940 2455 tres
955 2393 990 2455 in
1010 2393 1102 2454 tertia
1116 2393 1197 2456 thesi
1211 2393 1374 2471 (undecim
1393 2391 1427 2452 in
1443 2400 1582 2471 septena·
1605 2435 1608 2442 ,

464 2497 531 2570 riis,
548 2498 685 2560 sedecim
699 2499 732 2560 in
753 2499 934 2576 octonariis,
951 2499 1090 2562 sedecim
1107 2499 1140 2560 in
1164 2497 1332 2578 dimetris),
1350 2498 1478 2576 triginta
1502 2499 1584 2560 duae

463 2605 497 2666 in
511 2605 603 2668 tertia
626 2606 687 2667 arsi
707 2605 826 2684 (decem
850 2605 883 2668 in
907 2605 1101 2685 septenariis,
1126 2607 1311 2686 quindecim
1341 2605 1374 2666 in
1400 2605 1582 2676 octonariis,

464 2692 583 2790 septem
598 2709 632 2774 in
651 2711 818 2790 dimetris),
834 2713 1009 2792 nonaginta
1023 2731 1076 2774 sex
1091 2713 1124 2774 in
1139 2722 1250 2793 quarta
1265 2712 1346 2776 thesi
1363 2711 1505 2791 (triginta
1520 2730 1585 2774 una

462 2819 497 2881 in
512 2820 705 2899 septenariis,
722 2821 850 2900 triginta
865 2832 925 2884 tres
941 2821 974 2883 in
989 2822 1169 2897 octonariis,
1193 2822 1323 2902 triginta
1338 2824 1420 2885 duae
1430 2823 1464 2884 in
1480 2822 1584 2882 dime-

464 2925 544 3004 tris)‚
561 2937 621 2988 tres
637 2927 669 2988 in
691 2938 802 3006 quarta
817 2928 880 2990 arsi
898 2926 976 3005 (una
990 2928 1023 2989 in
1045 2929 1230 3010 septenario,
1248 2929 1370 2990 duaein
1385 2926 1580 3006 octonariis),

463 3031 672 3110 quadraginta
695 3032 727 3093 in
742 3033 852 3110 quinta
875 3031 954 3095 thesi
978 3031 1172 3110 {quindecim
1198 3033 1231 3094 in
1252 3031 1446 3113 septenariis,
1471 3030 1583 3112 viginti

462 3137 603 3217 quinque
615 3140 649 3202 in
663 3139 856 3218 octonariis),
874 3140 988 3220 viginti
1005 3152 1154 3221 quattuor
1168 3142 1201 3203 in
1214 3141 1324 3221 quinta
1339 3141 1401 3202 arsi
1418 3141 1583 3217 (tredecim

462 3245 496 3307 iu
515 3248 711 3328 septenariis,
735 3249 883 3312 undecim
902 3249 1154 3327 inoctonariis),
1178 3250 1291 3331 viginti
1317 3270 1431 3328 noyem
1446 3251 1479 3315 in
1495 3259 1584 3312 sexta

443 3373 446 3381 ’
461 3354 731 3432 thesi-(duodecim
742 3358 775 3420 in
786 3357 981 3438 septenariis
994 3359 1247 3439 septendecimin
1263 3357 1458 3444 octonariis),
1469 3357 1583 3438 viginti

461 3478 527 3524 una
538 3461 571 3523 in
584 3473 671 3525 sexta
682 3465 745 3527 arsi
762 3463 880 3543 (decem
895 3469 928 3530 in
944 3467 1138 3548 septenariis,
1156 3468 1304 3531 undecim
1328 3468 1362 3528 in
1382 3465 1582 3547 octonariis),

461 3563 574 3643 viginti
597 3575 659 3628 tres
682 3568 714 3628 in
731 3569 865 3650 septima
887 3573 968 3634 thesi
982 3571 1135 3652 (quinque
1156 3570 1190 3632 in
1206 3570 1404 3651 septenariis,
1427 3570 1581 3632 duodevi-

461 3667 541 3746 ginti
553 3669 584 3730 in
607 3671 801 3760 octonariis),
818 3675 947 3753 triginta
962 3695 1075 3739 novem
1093 3675 1128 3739 in
1141 3675 1275 3757 septima
1289 3674 1353 3738 arsi
1370 3673 1494 3754 (viginti
1512 3692 1582 3754 sep·

460 3782 525 3836 tem
540 3776 574 3838 in
589 3780 783 3860 septenariis,
806 3782 973 3844 duodecim
992 3783 1026 3844 in
1049 3780 1244 3860 octonariis),
1257 3781 1370 3862 viginti
1386 3791 1531 3860 quattuor
1548 3781 1583 3844 in

461 3901 572 3956 octava
585 3893 817 3956 octonariorum
829 3893 923 3968 thesi,
939 3894 973 3956 in
989 3911 1115 3954 summa
1128 3902 1285 3955 trecentae
1304 3891 1503 3972 septuaginta
1516 3901 1582 3954 tres

461 3996 495 4057 in
515 3995 609 4066 thesi,
626 4005 754 4059 eentum
769 3997 967 4077 septuaginta
980 4005 1127 4074 quattuor
1138 3995 1172 4056 in
1187 3995 1265 4057 arsi.

501 4112 575 4173 Non
591 4109 709 4171 mirum
724 4119 771 4172 est
783 4111 809 4171 si
822 4103 942 4171 dedisti
955 4110 989 4171 in
1004 4109 1138 4188 septima
1151 4108 1214 4169 arsi
1230 4105 1410 4188 septenarii,
1426 4106 1578 4186 portatas,

462 4225 585 4300 oportet
600 4220 632 4280 in
649 4227 760 4296 quarta
774 4218 1010 4280 octonariorum
1026 4217 1104 4278 thesi
1123 4216 1351 4296 corripiuntur,
1374 4215 1579 4294 qnandoqui-

461 4328 531 4388 dem
545 4344 659 4388 voeum
673 4323 946 4404 anapaestiearum
959 4322 1088 4385 initium
1109 4322 1224 4403 quibus
1249 4331 1436 4400 aequantur,
1453 4321 1578 4401 saepis·

461 4433 540 4494 sime
554 4433 630 4494 etin
646 4432 780 4512 septima
795 4431 1044 4512 septenariorum
1069 4429 1131 4491 arsi
1160 4439 1190 4491 et
1212 4429 1246 4490 in
1277 4439 1389 4508 quarta
1416 4428 1498 4492 thesi
1524 4443 1579 4509 po-

460 4543 556 4605 nitur.
