3542 5624
417 677 458 744 70
747 697 788 739 ne
809 695 978 738 rneurnus
1001 691 1200 738 nnsrnrsrrs

417 844 450 898 et
470 831 821 906 Goetzius-Selroellius
840 843 1055 897 servaverunt.
1079 832 1201 922 injuria
1224 843 1337 898 autom·
1355 836 1532 899 Muellerus

419 953 488 1004 tace
501 961 558 1024 pro
574 947 680 1002 taceas
691 939 825 1021 correxit
841 949 875 1002 ut
885 938 1057 1018 synizesim
1067 941 1101 1002 in
1112 959 1246 1004 caesura
1262 941 1390 1004 vitaret.
1490 939 1493 944 ’

579 1103 648 1167 Cist
660 1105 721 1165 700
735 1101 821 1183 (oct.)
836 1103 909 1165 libri
924 1103 969 1166 sio
985 1106 1100 1167 habent
1117 1107 1135 1166 ι’

517 1226 631 1344 Neque
652 1247 798 1329 prdrsum
820 1247 856 1310 iit
869 1250 952 1338 hae:
973 1248 1026 1312 hic
1040 1248 1134 1321 stetit,
1159 1249 1235 1311 hinc
1264 1248 1342 1310 illuc
1356 1247 1443 1310 exiit.
1467 1246 1529 1308 llio

1260 1352 1445 1443 [concllium
1461 1347 1547 1416 ruit

460 1501 552 1573 Quod
573 1517 635 1584 nou
660 1517 786 1561 necesse
810 1499 933 1562 videtur
956 1519 1030 1562 cum
1055 1503 1211 1564 Muellero
1229 1501 1357 1579 trajecto
1381 1501 1535 1574 saltante

420 1608 590 1670 concilium
605 1607 770 1686 corrigere
789 1608 876 1670 Nam
896 1608 975 1670 sicut
989 1609 1023 1670 in
1040 1627 1181 1685 caesura,
1199 1611 1243 1672 ita
1256 1611 1290 1671 in
1314 1628 1436 1672 versus.
1448 1609 1534 1672 exitu

419 1716 589 1798 synizesim
614 1715 737 1778 admitti
762 1735 852 1795 posse
877 1715 950 1778 libri
974 1727 1139 1785 testantur,
1178 1726 1273 1798 atque
1303 1719 1337 1780 in
1376 1717 1536 1798 sequentis

419 1844 530 1888 versus
540 1822 603 1886 fine
617 1821 786 1902 (cist-701,
797 1833 888 1905 sept,
902 1823 1080 1904 oestipiam)
1092 1825 1280 1905 Spengelius
1296 1825 1537 1904 Schoelliusque

419 1931 625 2002 admiserunt.
644 1931 760 1992 Confer
774 1929 868 1992 inira.

459 2041 518 2100 Vel
533 2037 645 2100 certior
659 2048 705 2099 est
720 2036 872 2116 synizesis
892 2036 925 2098 in
940 2037 1070 2100 vocibus
1087 2042 1214 2100 tuorum
1231 2038 1303 2100 Mil.
1321 2039 1399 2100 1013
1419 2035 1534 2120 (sept),

419 2150 549 2222 sacrant
573 2148 695 2209 Bacch·
725 2147 803 2209 1087
820 2143 934 2224 (sept),
953 2157 1063 2207 eoram
1086 2148 1180 2209 Truc.
1199 2150 1256 2208 112
1283 2145 1381 2225 (oet),
1411 2147 1537 2208 eosdem

420 2257 507 2346 Trio.
522 2256 580 2318 292
593 2252 696 2334 (oct.).'
706 2255 791 2316 Nam
801 2255 904 2316 metiri
920 2253 1094 2335 nonpossis
1106 2258 1244 2326 ladrum,
1252 2257 1397 2329 sterant,
1415 2257 1535 2332 edeam,

360 2443 371 2454 ⁶
421 2363 552 2438 eosdem,
570 2353 826 2444 quandoquidem
841 2381 938 2444 supra
952 2363 1092 2426 vidimus
1112 2374 1226 2426 natura
1239 2367 1366 2444 longam
1381 2364 1415 2428 in
1430 2367 1539 2447 verbo·¹

421 2493 494 2536 rum
514 2469 576 2535 fine
586 2481 709 2534 tantum
723 2459 848 2552 corripi.
1531 2483 1533 2489 “

462 2577 606 2658 Denique
622 2577 722 2640 Stich.
746 2563 905 2654 minim.)
931 2595 998 2638 meo
1014 2586 1085 2640 ante
1100 2576 1218 2650 animo,
1244 2577 1337 2640 idest
1360 2587 1433 2640 ante
1457 2581 1537 2641 duas

422 2689 542 2762 breves
566 2687 737 2748 collocatur
751 2693 781 2747 et
796 2704 863 2746 meo
878 2686 1003 2766 dal-pro
1019 2703 1083 2747 uno
1108 2685 1268 2768 semipede
1291 2673 1418 2767 ponitur
1435 2709 1442 2748 ι

523 2842 607 2915 Quia
622 2841 674 2924 pdl
688 2861 758 2904 meo
772 2842 879 2904 animo
894 2839 1174 2922 omnis'sdpientis.

464 2986 518 3050 Sic
534 2985 743 3048 umbrosiane
758 2995 787 3047 et
804 2985 959 3058 Palatinis
975 2987 1109 3048 ducibus
1126 2988 1315 3068 Spengelius
1331 2998 1361 3051 et
1376 2990 1537 3052 Goetzius-

425 3089 603 3156 Sohoellius
618 3089 821 3169 scripserunt.
839 3090 922 3169 Ergo
934 3089 985 3151 hic
1001 3090 1032 3151 in
1045 3111 1123 3161 meo,
1141 3103 1244 3153 oante
1254 3096 1395 3155 vocalem
1411 3093 1540 3156 eliditur

424 3209 453 3264 et
468 3221 484 3262 e
498 3196 698 3262 semivocalis
714 3208 816 3277 partes
832 3198 980 3261 defendit.

465 3315 575 3392 ltaque
606 3329 679 3373 cum
701 3328 862 3389 nusquam
886 3313 964 3384 sctd,
982 3313 1079 3386 triam,
1105 3311 1251 3392 pluribus
1276 3323 1381 3378 autem
1403 3313 1436 3376 in
1461 3311 1539 3376 loeis

425 3415 502 3492 scio,
520 3420 606 3489 taem
625 3413 729 3475 metiri
746 3431 873 3476 necesse
899 3413 949 3483 sit,
967 3413 1072 3476 dubiis
1092 3413 1125 3476 in
1154 3415 1232 3479 locis
1247 3417 1324 3493 seio,
1344 3421 1429 3492 taam
1450 3417 1538 3479 simi·

425 3523 532 3604 liaque
545 3521 649 3586 metiri
667 3531 814 3602 praestat.

465 3762 523 3845 §a
541 3797 580 3806 -
593 3763 643 3824 De
662 3761 780 3824 cretico
801 3781 864 3842 pro
891 3761 1097 3842 anapaestico
1120 3762 1200 3842 pede
1224 3765 1270 3824 nel
1289 3783 1349 3845 pro
1378 3765 1500 3828 daubus

793 3867 1004 3950 semipedibus
1024 3869 1140 3950 posito.

469 4069 553 4128 Inter
572 4083 682 4126 omnes
704 4061 797 4125 hodie
818 4071 939 4124 constat
953 4060 1083 4124 creticos
1101 4060 1187 4140 Γ)
1211 4060 1293 4123 sicut
1311 4069 1470 4141 apparant
1490 4065 1542 4125 vel

427 4176 592 4258 compedes
609 4193 662 4254 pro
686 4191 749 4234 uno
774 4173 851 4254 pede
865 4173 915 4232 vel
935 4171 1057 4233 duobus
1087 4170 1300 4251 semipedibus
1321 4171 1354 4232 in
1383 4169 1540 4233 Plautinis

427 4284 605 4370 anapaestis
621 4300 849 4360 nonnunquam
866 4279 951 4360 poni.
984 4279 1046 4343 Sed
1068 4281 1164 4353 dere,
1183 4297 1245 4340 non
1266 4281 1304 4342 de
1323 4279 1366 4340 rei
1391 4299 1488 4342 causa
1512 4288 1542 4340 et

376 4433 379 4439 ,
428 4397 546 4460 ratione
573 4389 783 4454 consentiunt.
811 4389 895 4450 Nam
925 4387 979 4448 alii
1009 4390 1138 4448 alteram
1167 4386 1273 4449 cretici
1309 4389 1450 4466 longam,
1487 4383 1540 4446 alii

430 4494 564 4578 priorem
591 4487 715 4568 corripi,
754 4485 810 4548 alii
834 4485 973 4548 mediam
1009 4487 1134 4547 brevem
1168 4495 1322 4565 tanquam
1348 4483 1422 4546 elidi
1454 4492 1540 4562 puta-

428 4609 551 4670 verunt,
585 4593 639 4657 alii
671 4589 807 4669 priorem
832 4589 936 4650 cretici
965 4591 1092 4666 longam
1121 4599 1150 4650 et
1174 4588 1312 4651 mediam
1341 4589 1467 4650 brevem
1488 4606 1541 4666 pro

428 4703 551 4766 duabus
567 4695 714 4760 brevibus
729 4712 785 4775 per
807 4691 967 4754 licentiam
995 4692 1173 4772 anapaestis
1189 4691 1346 4772 propriam
1376 4702 1406 4754 et
1418 4703 1542 4772 propter

429 4807 519 4872 metri
536 4801 753 4869 necessitatem
780 4798 852 4879 poni
866 4798 1104 4862 contenderunt.
1137 4799 1257 4877 Operae
1286 4798 1383 4878 igitur
1405 4800 1542 4878 pretium
