3446 5626
436 613 475 674 98
763 631 803 673 na
825 629 994 672 PLAUTlNlS
1015 625 1215 670 lucrareris

436 781 527 844 binos
542 782 569 842 B
586 782 835 862 comprehcndit.
862 782 901 843 V.
918 779 1012 841 9355
1040 788 1146 841 autem
1174 778 1200 839 si
1225 777 1340 840 tradita
1366 780 1462 840 verba
1490 799 1551 843 ser-

434 899 560 956 vantur,
579 907 660 966 quae
674 888 827 967 corrigere
837 886 969 950 minime
985 894 1178 975 peccassem,
1197 873 1416 964 paroemiacus
1430 895 1486 948 est.
1500 885 1551 948 Al·

433 1006 535 1058 terum
551 1005 688 1076 systema
701 1015 775 1058 cum
792 1016 824 1056 v.
846 995 940 1059 936a
960 993 1072 1074 incipit
1081 1005 1111 1056 et
1132 1011 1225 1057 versu
1238 992 1298 1054 937
1314 993 1333 1054 b
1348 993 1403 1072 qui
1423 993 1552 1055 dimeter

432 1100 631 1162 catalecticus
645 1110 693 1162 cst
709 1102 909 1163 terminatur.

475 1209 565 1274 Sicut
592 1210 624 1271 in
650 1211 778 1273 Graecis
812 1210 1036 1292 systematibus
1056 1215 1299 1288 'nonuunquam
1320 1226 1375 1270 an.
1405 1207 1550 1288 dipodiae

433 1321 577 1400 singulae
593 1320 787 1384 inseruntur.
809 1321 895 1382 Nam
916 1323 1002 1382 Men.
1020 1321 1079 1382 364
1095 1338 1170 1382 sane
1184 1319 1315 1401 dipodia
1343 1331 1400 1394 est,
1427 1322 1465 1382 de
1490 1339 1551 1400 qua

432 1427 539 1487 confer
559 1426 642 1486 inira
662 1421 713 1502 (de
734 1424 888 1505 dipodia).
905 1427 944 1486 V.
965 1425 1097 1488 361-363
1123 1427 1242 1488 Ateste
1265 1425 1335 1488 sine
1362 1427 1459 1488 dubio
1491 1438 1550 1490 tres

431 1531 555 1592 dimetri
572 1541 644 1593 sunt
656 1531 839 1610 similesque
850 1550 919 1594 esse
930 1531 1076 1594 videntur
1090 1531 1180 1593 tresii
1197 1551 1306 1594 versus
1322 1532 1478 1610 (3653674
1495 1534 1549 1612 qui

431 1639 593 1719 dipodiam
607 1652 794 1718 sequuntur,
809 1639 866 1701 etsi
886 1659 917 1700 v.
932 1639 992 1702 366
1005 1639 1039 1703 in
1056 1639 1147 1702 libris
1162 1641 1334 1702 lacunosus
1360 1649 1417 1702 est.
1450 1639 1550 1720 Igitur

432 1743 604 1814 bisternos¹
636 1744 797 1814 (limenas,
832 1744 950 1808 inserta
986 1745 1020 1806 in
1062 1743 1370 1824 mediofjsystemate
1398 1745 1540 1826 dipodia‚

431 1845 572 1924 sequitur
586 1846 719 1909 dimeter
732 1847 943 1910 catalecticus,

470 1953 536 2016 Alii
557 1973 681 2035 quoque
702 1974 811 2017 versus
837 1955 1059 2034 systematibus
1088 1954 1256 2033 aliquoties
1278 1954 1374 2017 inseri
1390 1955 1547 2018 videntur.

431 2065 517 2126 Nam
529 2065 633 2130 Stich.
654 2065 752 2128 39-44
766 2075 796 2130 et
808 2067 848 2128 46
862 2067 930 2129 sine
949 2066 1046 2128 dubio
1066 2066 1283 2138 dimetrisunt
1296 2077 1326 2128 et
1339 2086 1371 2128 v.
1383 2070 1422 2130 47
1439 2084 1550 2146 paroe-

430 2173 562 2249 miacus
587 2176 642 2236 sed
666 2193 701 2235 v.
732 2178 770 2236 45
784 2194 837 2237 an.
859 2175 1050 2254 pentapodia
1065 2193 1133 2236 esse
1157 2175 1297 2236 videtur.
1318 2176 1437 2238 Confer
1456 2175 1548 2238 rnna.

471 2284 507 2343 ln
522 2283 632 2344 codem
643 2283 764 2345 cantico
776 2282 1072 2346 inveniturdimeter
1082 2283 1351 2362 hypercatalectus
1362 2283 1474 2360 (Stich.
1484 2281 1548 2361 21),

430 2387 511 2451 inter
530 2389 678 2452 dimetros
695 2388 807 2469 (18-20,
824 2389 1085 2469 22·27)inscrtus
1098 2391 1214 2453 Confer
1229 2391 1325 2454 inira.

482 2599 515 2660 2.
531 2597 753 2659 Dimetrorum
768 2597 867 2660 series
879 2597 1017 2660 dimetro
1030 2599 1288 2678 hypercatalecto
1307 2597 1482 2660 clauditur.

470 2774 562 2836 Trin.
578 2777 657 2836 arao
670 2784 700 2836 et
712 2775 791 2836 2425
806 2775 876 2838 sine
905 2777 970 2837 ullo
985 2775 1080 2837 dnbio
1095 2779 1122 2837 B
1136 2786 1212 2838 teste
1238 2777 1301 2838 duo
1322 2775 1448 2837 dimetri
1463 2784 1547 2838 sunt.

432 2881 477 2942 De
495 2883 637 2944 versibus
651 2885 710 2945 243
720 2894 750 2945 et
760 2885 819 2944 244
834 2853 1004 2962 ambigitur
1021 2897 1128 2944 utrum
1144 2883 1251 2946 cretici
1266 2883 1437 2945 tetrametri
1461 2880 1547 2960 (aca-

429 2989 533 3051 talecti
550 2991 599 3052 vel
615 2990 799 3068 catalectici)
819 3010 859 3053 an
887 2989 1079 3072 anapaestioi
1112 2990 1237 3052 dimetri
1261 2991 1454 3054 discribendi
1475 2991 1546 3052 sint.

431 3102 549 3162 Verum
565 3121 598 3163 v.
629 3103 688 3163 245
704 3103 838 3163 creticus
853 3120 921 3162 esse
936 3099 996 3162 nisi
1013 3112 1169 3163 correctus
1188 3119 1250 3162 non
1266 3109 1377 3179 potest,
1396 3101 1450 3161 sed
1476 3119 1548 3161 ana·

431 3205 587 3285 paesticus
602 3205 733 3266 dimeter
748 3223 816 3268 esse
830 3204 964 3265 videtur.
984 3206 1067 3282 Ergo
1079 3203 1252 3266 verisimile
1266 3214 1313 3264 est
1326 3201 1469 3282 quinque
1483 3221 1546 3264 ver·

431 3309 548 3372 siculos
574 3313 789 3391 anapaesticos
804 3331 888 3374 esse:
907 3331 936 3373 v.
952 3311 1012 3371 246
1026 3321 1135 3372 autem
1157 3329 1220 3372 non
1248 3311 1392 3379 dimeter,
1419 3312 1474 3372 sed
1499 3309 1548 3370 di-

431 3429 527 3480 meter
541 3422 812 3500 hypercatalectus
822 3437 897 3480 sane
911 3428 967 3480 est.
983 3419 1101 3481 Conler
1115 3417 1210 3481 intra.

470 3526 558 3589 Trin.
576 3528 640 3588 278
654 3547 673 3589 a
689 3528 785 3589 erasa
802 3529 819 3588 b
841 3546 893 3588 an.
913 3526 1062 3588 dimetros
1077 3544 1146 3586 esse
1159 3534 1290 3586 constat.
1308 3527 1346 3585 V.
1369 3527 1429 3588 280
1442 3533 1548 3586 autem

435 3637 456 3698 si
472 3637 625 3697 librorum
648 3634 801 3696 memoria
828 3645 980 3704 servatur,
997 3634 1079 3694 nihil
1111 3632 1282 3694 aliudesse
1303 3631 1428 3694 videtur
1452 3651 1547 3712 quam

430 3763 482 3807 sn.
500 3744 631 3806 dimeter
643 3747 925 3824 hypercatalectus.
950 3744 1027 3804 lude
1042 3742 1186 3824 sequitur
1209 3761 1243 3802 v.
1264 3741 1323 3802 279
1338 3759 1548 3822 quoqueana-

431 3850 603 3928 paesticum
630 3850 799 3910 dimetrum
820 3867 888 3910 esse
917 3849 1134 3929 potiusquam
1164 3847 1315 3910 creticum
1332 3857 1546 3908 tetrametrum

430 3956 661 4019 catalecticum.

590 4143 620 4202 3.
637 4139 717 4202 Cum
732 4138 946 4220 anapaesticis
961 4136 1153 4218 septenariis
1167 4138 1213 4199 oet
1226 4136 1404 4199 octonariis

672 4244 718 4305 ael
744 4242 957 4324 paroemiacis
972 4241 1102 4303 dimetri
1123 4241 1319 4322 junpuntur.

351 4473 354 4482 Α
470 4426 553 4488 Cist.
571 4426 704 4488 214216
726 4434 788 4484 tres
807 4422 933 4485 dimetri
962 4423 1064 4484 tribus
1092 4422 1297 4502 paroemiaois
1327 4413 1421 4485 inlra'
1440 4423 1545 4504 positis

430 4531 590 4614 (ars-220)
606 4530 805 4608 respondent,
823 4526 984 4606 interjecta
1000 4527 1134 4607 tripodis
1149 4529 1339 4590 catalectica.

471 4639 577 4704 Simili
599 4641 693 4702 modo
711 4635 835 4700 dimetri
853 4647 923 4698 tres·
940 4630 1037 4698 Stich.
1070 4635 1206 4698 319-321
1225 4637 1306 4700 inter
1334 4638 1545 4717 paroemiscos

428 4766 587 4841 ponuntur
602 4751 759 4833 (312-318,
770 4739 928 4829 322325).
