3542 5624
701 707 741 750 DE
763 709 921 751 Pnosonrn

308 1005 349 1066 D.
372 1003 422 1064 De
435 1000 647 1083 polysyllabis
667 1000 794 1063 uocibus
805 1020 942 1084 quanam
950 998 1156 1080 principialis
1170 999 1296 1082 syllaba

463 1103 566 1166 breuis
580 1108 626 1166 est
642 1108 671 1166 et
693 1103 833 1194 secundo
852 1109 970 1165 natura
994 1105 1091 1184 lonyu
1106 1108 1164 1164 est.

290 1297 428 1360 Nullum
468 1298 560 1359 uliud
590 1295 769 1376 exemplum
799 1296 906 1358 inveni
938 1307 1058 1376 praeter
1089 1297 1299 1380 aliquemque
1332 1297 1365 1358 in

248 1405 361 1484 quintu
375 1405 456 1466 thesi
472 1404 624 1467 octonarii
641 1403 716 1466 Cas.
732 1404 805 1465 226.
829 1406 865 1466 ln
880 1407 939 1466 hoc
953 1414 1059 1468 autem
1083 1405 1257 1486 composito
1272 1405 1366 1467 verbo
1455 1399 1459 1406 “
1489 1429 1492 1439 ’

249 1513 300 1575 ubi
315 1524 468 1594 tanquam
483 1515 621 1577 iambica
635 1533 696 1577 vox
709 1513 889 1588 corripitur.

310 1734 352 1795 E.
380 1731 450 1794 Vos
465 1731 683 1814 monosyllaba
701 1730 802 1794 breuis
817 1732 1032 1813 insequentem
1053 1730 1307 1810 monosyllabum

565 1833 724 1916 positione
747 1835 878 1914 lonyam
894 1833 1022 1896 breviat.

290 2021 327 2080 In
343 2016 422 2080 thesi
439 2017 558 2098 prima:
579 2037 621 2078 an
643 2017 677 2078 id
693 2017 797 2078 Stich.
829 2017 867 2077 34
892 2013 1011 2094 (din),
1029 2015 1107 2098 quid
1127 2021 1173 2078 est
1199 2019 1275 2081 Aul.
1306 2019 1366 2082 718

248 2119 353 2200 loct),
371 2122 493 2184 Bacch.
509 2121 589 2184 1156
605 2120 698 2202 (sept.
709 2120 729 2198 (,
743 2119 818 2184 Μ11.
837 2122 917 2184 1073
929 2119 1046 2204 (sept),
1063 2120 1119 2182 secl
1135 2120 1188 2182 bie
1205 2123 1291 2184 Rud.
1307 2123 1366 2184 937

246 2244 266 2288 a
281 2223 403 2305 (din).

289 2332 327 2392 ln
340 2329 403 2392 ersi
420 2330 544 2409 prima:
565 2330 624 2410 pol
639 2329 673 2392 id
690 2329 808 2392 Bacch.
827 2329 904 2390 1194
924 2329 942 2390 b
967 2327 1090 2408 (din),
1103 2330 1161 2408 pol
1181 2330 1250 2392 boc⁴
1264 2331 1360 2396 Truc.

247 2434 306 2496 109
318 2431 424 2513 (oct),
448 2433 578 2516 quidest
595 2435 694 2496 Cure.
715 2433 774 2498 130
789 2431 886 2512 (oct).

288 2545 325 2605 In
336 2541 417 2604 thesi
433 2542 587 2604 secunda:
602 2546 635 2604 ut
652 2547 698 2602 est
713 2541 835 2602 Bacch.
861 2541 937 2604 1191
961 2539 1087 2620 (sept).

288 2655 324 2715 In
340 2653 420 2716 thesi
436 2653 540 2716 tertia:
551 2657 581 2714 et
594 2653 654 2713 boc
668 2652 784 2715 Pseud.
802 2652 861 2714 598
877 2650 976 2730 loct).

289 2767 325 2825 ln
340 2763 422 2826 thesi
432 2774 544 2844 quarta
559 2779 566 2823 :
580 2761 658 2845 quial
669 2763 713 2824 ud
728 2763 820 2825 Pers.
840 2763 899 2826 497
918 2759 1039 2842 (sept).

288 2875 357 2938 Hoc
369 2872 464 2952 igitur
478 2872 682 2953 correptionis
699 2891 808 2953 genuS,
827 2875 911 2953 quod
929 2872 1031 2952 primo
1052 2891 1148 2953 supra
1161 2869 1207 2947 (u)
1224 2871 1365 2954 exposito

247 2977 352 3040 simile
364 2987 422 3051 est,
438 2977 565 3058 suepius
581 2996 705 3056 quoquc
718 2976 942 3057 inthesiquam
960 2975 1246 3039 inarsiinvenitur.
1263 2979 1365 3056 Atque

247 3079 280 3140 in
297 3078 399 3160 primo
416 3079 492 3160 pede
509 3079 646 3158 plurima
658 3088 732 3142 sunt
746 3081 900 3160 exempla.

329 3287 365 3349 F.
387 3285 681 3368 Voumonosyllabu
692 3285 793 3348 breuis
805 3285 1276 3370 insequentemmonosyllabam
1333 3341 1352 3382 ¹.

597 3399 715 3454 natura
730 3393 862 3472 lonynm
878 3392 1009 3455 breviat.

290 3579 326 3638 ln
341 3577 422 3640 thesi
437 3576 560 3658 prima:
578 3577 610 3639 in
639 3577 867 3642 insanusne
891 3579 990 3666 (oct),
1020 3581 1075 3644 sed
1091 3581 1143 3644 bie
1170 3585 1270 3662 tadv.)
1288 3587 1357 3648 Mil.

249 3681 328 3745 1019
342 3679 463 3762 (sept).
1114 3703 1116 3707 “
1134 3675 1137 3685 ’
1288 3691 1290 3696 ’
1460 3688 1462 3694 ’

289 3787 327 3846 ln
342 3784 422 3848 thesi
434 3785 563 3866 quinta:
582 3787 659 3868 quid
678 3787 730 3848 bic
746 3789 817 3852 Mil.
845 3789 923 3856 1087
938 3793 1053 3872 (sept-l,
1071 3800 1104 3856 ut
1126 3794 1150 3854 it
1170 3796 1285 3859 Pseud.
1302 3799 1359 3862 911

249 3891 350 3971 (oct).

287 4005 316 4065 Ν
320 4021 356 4066 ec
372 4006 466 4085 plura
480 4003 514 4064 in
530 4005 613 4068 thesi
628 4009 784 4088 exempla,
800 4027 858 4072 nce
873 4012 976 4072 ullum
993 4011 1024 4072 in
1037 4013 1105 4076 arsi·
1115 4013 1234 4076 inveni.
1325 4071 1327 4077 .

247 4207 286 4270 G.
308 4207 374 4268 Vou
384 4207 557 4290 disyllaba,
571 4208 663 4290 cujus
677 4211 771 4292 prior·
784 4214 910 4295 syllaba
925 4216 1027 4278 breuis
1042 4224 1089 4280 est
1104 4225 1133 4281 et
1149 4222 1253 4283 altera
1268 4243 1360 4304 synu-

286 4316 432 4397 loepbam
444 4317 577 4398 patitur,
599 4319 812 4403 insequentem
836 4327 1090 4406 monosyllabum
1111 4329 1270 4409 positione
1295 4334 1360 4394 lon·
1402 4337 1408 4358 ¹

284 4446 360 4505 qam
376 4426 496 4488 breviat

288 4615 327 4677 ln
343 4615 425 4678 thesi
441 4617 559 4697 prima:
578 4637 677 4699 neque
692 4619 730 4680 ab
748 4620 843 4682 Poen.
868 4623 946 4682 1183
962 4621 1059 4701 (oct).

279 4799 300 4848 1.
320 4799 391 4848 Hace
408 4801 643 4864 pronuntiabatur.
