3450 5630
441 665 501 728 260
772 682 812 724 oa
834 683 1005 727 runurrnrs
1030 686 1232 730 anaeassrrs

482 822 556 883 Cas,
573 820 631 882 887
647 837 699 882 an.
717 820 894 884 trimetrum
907 824 1125 886 catalecticum
1139 827 1208 904 jure
1223 829 1425 892 constituisse
1436 830 1563 892 videtur

444 929 641 1012 Spengelius.
675 927 759 992 Nam
783 933 865 996 nihil
889 935 1070 997 addendum
1091 947 1137 998 est
1158 948 1187 999 et
1206 943 1406 1017 anapaestico
1422 943 1563 1006 trimetro

422 1035 622 1099 ‘catalectico
646 1039 848 1115 anapaestica
874 1040 1009 1118 tripodia
1038 1043 1220 1105 catalectica
1245 1064 1275 1106 v.
1302 1047 1373 1117 889,
1402 1050 1564 1128 interjecto

443 1139 556 1202 cretico
583 1141 715 1202 dimetro
740 1161 814 1203 curn
843 1147 1002 1208 trochaica
1026 1147 1161 1228 tripodia
1190 1151 1383 1221 catalectico,
1409 1154 1564 1216 concinne

443 1252 620 1330 respondet.
646 1253 684 1314 V.
704 1253 839 1316 884-886
858 1256 959 1318 trunci
974 1268 1058 1328 sunt,
1076 1261 1131 1320 sed
1147 1277 1221 1321 sane
1237 1261 1320 1322 sicut
1332 1283 1362 1321 v.
1379 1262 1438 1325 883
1453 1261 1561 1324 cretici

442 1356 570 1416 luerunt
584 1358 634 1416 vel
651 1356 952 1422 cretico-trochaici.

484 1469 572 1528 Pers.
597 1468 656 1529 777
681 1486 732 1530 an.
759 1469 899 1532 trimeter
917 1469 1117 1532 catalecticus
1133 1473 1188 1550 qui
1204 1471 1376 1536 iambicum
1393 1474 1563 1536 dimetrum

443 1569 587 1650 sequitur
604 1570 805 1649 anapaestico
822 1571 964 1633 trimetro
987 1593 1016 1634 v.
1043 1574 1114 1646 774,
1132 1592 1226 1653 quem
1243 1573 1392 1664 similiter
1406 1574 1563 1638 iambicos

443 1678 575 1740 dimeter
589 1677 755 1754 antecedit,
772 1679 949 1756 respondet.
968 1680 1048 1741 Vide
1064 1699 1170 1760 supra,
1195 1700 1225 1761 p.
1242 1683 1312 1744 238.

466 1881 479 1954 S
498 1882 547 1942 17.
570 1913 608 1924 -
628 1881 678 1942 De
694 1880 897 1961 einpulornm
913 1883 1136 1944 trimetrorum
1150 1883 1412 1945 catalectieorum
1427 1883 1544 1957 formis

485 2043 523 2103 ln
539 2043 628 2104 nullo
641 2045 785 2121 exemplo
801 2061 931 2105 caesura
944 2054 1014 2125 post
1030 2043 1152 2106 tertiam
1161 2063 1264 2106 arsam
1276 2046 1372 2107 deest.
1387 2047 1474 2108 Nam
1488 2047 1560 2107 Cas.

444 2151 502 2212 887
528 2169 591 2212 non
612 2153 708 2227 deest,
730 2154 785 2214 sed
810 2163 935 2234 propter
957 2155 1184 2233 synaloepham
1208 2158 1293 2227 latet,
1317 2154 1452 2234 ideoque
1476 2154 1564 2216 tertia

448 2260 531 2323 arsis
545 2260 691 2325 solvitur.

672 2441 689 2523 ἓ
710 2444 759 2506 18.
778 2477 815 2484 -
828 2444 881 2504 De
895 2444 1062 2506 octonorio
1079 2421 1336 2525 hypercatalecto

486 2605 605 2684 Amph.
632 2605 709 2667 1062
736 2623 787 2666 an.
812 2605 991 2667 octonarius
1015 2607 1284 2687 hypercatalectus
1307 2606 1391 2676 inter,
1411 2608 1561 2670 iambicos

447 2709 624 2784 octonarios
640 2707 801 2784 inseritur,
818 2728 881 2788 quo
895 2709 1030 2771 tonitrus
1045 2709 1242 2791 depingatur.

487 2815 560 2876 Cas.
578 2815 649 2876 821.
666 2814 726 2875 822
741 2832 793 2875 an.
809 2813 1008 2876 octonarium
1023 2815 1312 2894 hypercatalectum
1328 2811 1419 2875 libris
1430 2813 1560 2873 ducibus

445 2929 514 3007 J'ure
539 2927 769 3011 discripserunt
798 2927 1155 3000 Goetzius-Schoellius,
1182 2943 1277 3004 quem
1302 2943 1353 2988 an.
1383 2922 1560 2986 octonarius

446 3036 612 3105 antecedit,
630 3037 712 3098 sicut
726 3037 859 3098 dimeter
874 3037 1143 3115 hypercatalectus
1160 3053 1392 3113 nonnunquam
1415 3034 1560 3096 dimetros

448 3145 602 3226 sequitur.
1389 3203 1392 3212 Δ

489 3254 604 3316 Pseud.
630 3253 689 3315 602
713 3273 765 3314 an.
792 3254 989 3315 octonarium
1016 3253 1303 3330 hypercatalectum
1324 3235 1413 3311 libris
1431 3249 1560 3310 ducibus

446 3365 588 3426 lecerunt
613 3363 759 3425 Goetzius
784 3373 814 3424 et
833 3349 1193 3432 Goetzius-schoehiis,
1210 3359 1264 3438 qui
1278 3379 1330 3420 an.
1349 3357 1497 3420 dimetros
1516 3375 1560 3417 se·

448 3465 556 3542 quitur
568 3477 598 3528 et
612 3486 662 3528 an.
682 3465 897 3546 septenarium
912 3463 1078 3524 antecedit.

494 3571 610 3636 Pseud.
627 3571 687 3634 938
701 3588 753 3632 an.
768 3568 949 3632 octonarius
965 3569 1248 3646 hypercatalectus,
1266 3565 1292 3627 si
1308 3565 1398 3627 libris
1414 3563 1558 3632 creditur,

448 3685 528 3748 inter
543 3702 594 3744 an.
612 3678 805 3761 septenarios
823 3678 983 3740 inseritur.

489 3792 648 3860 Octonarii
669 3787 913 3871 hypercatalecti
934 3797 1046 3849 octava
1068 3787 1148 3848 arsis
1169 3787 1238 3864 ipsa
1260 3783 1339 3846 solvi
1357 3793 1468 3862 potest,
1485 3782 1561 3843 sicut

448 3929 487 3972 ex
501 3907 619 3984 Amph.
637 3902 716 3964 1062
731 3910 761 3962 et
775 3900 846 3962 Cas.
865 3899 936 3960 821.
949 3898 1007 3960 822
1022 3908 1052 3959 et
1067 3896 1183 3958 Pseud.
1200 3894 1260 3957 938
1279 3901 1420 3974 apparet.
1438 3935 1440 3940 -
