3446 5626
695 719 735 760 DE
756 719 910 762 PROSODIA

639 967 701 1051 §a
724 1003 763 1015 -
784 972 832 1033 ne
847 971 951 1032 atara.

281 1165 377 1228 Modo
392 1163 516 1246 syllaba
529 1180 592 1224 non
607 1161 686 1226 elisa
700 1163 878 1244 corripitur,
896 1164 989 1226 modo
1004 1161 1172 1248 immutata
1193 1173 1350 1226 servatur.
1374 1237 1376 1240 ¹

496 1347 498 1350 Ι
515 1371 541 1430 1.
569 1369 706 1451 Syllaba
722 1390 785 1430 noa
800 1369 880 1432 elisa
894 1369 1083 1449 corripittae.

282 1566 384 1644 Saepe
404 1563 437 1624 in
466 1563 646 1645 anapaestis
672 1575 742 1644 post
762 1565 997 1644 monosyllabas
1022 1582 1086 1626 non
1111 1564 1204 1626 modo
1229 1564 1264 1626 in
1282 1565 1358 1636 arsi,

125 1681 130 1690 '
241 1676 323 1739 sient
351 1677 384 1737 in
412 1675 559 1738 iambicis
583 1676 816 1756 trochaicisque
837 1677 992 1750 versibus
1018 1679 1072 1740 sed
1105 1679 1201 1740 etiam
1222 1676 1254 1738 in
1278 1679 1359 1740 thesi
1436 1750 1438 1754 ⁸

240 1786 348 1849 hiatur
362 1797 392 1848 et
406 1796 530 1866 propter
545 1785 667 1848 hiatum
687 1787 923 1868 monosyllabae
946 1786 1172 1866 corripiuntur,
1186 1786 1279 1849 modo
1296 1787 1360 1847 bre-

241 1909 313 1952 vem
327 1891 526 1952 antecedant.

283 1995 320 2054 ln
335 1993 399 2056 arsi
415 1993 535 2072 prima:
554 1996 612 2076 pat
623 2001 711 2056 amat
729 1993 818 2056 Trin.
835 1996 894 2056 242
911 1993 1023 2074 (dim),
1041 1997 1100 2077 pat
1110 2002 1180 2074 epet
1199 1993 1288 2055 Trin.
1301 1995 1359 2056 257

243 2103 361 2184 (dim).

283 2217 319 2275 In
343 2212 426 2276 thesi
450 2214 607 2274 secunda:
635 2217 694 2296 pat
719 2218 812 2274 erant
842 2213 930 2274 Pers.
960 2212 1160 2293 17811111),
1191 2206 1231 2274 di
1255 2219 1361 2274 ament

244 2322 363 2383 Pseud.
380 2320 440 2382 943
455 2327 568 2400 (sept),
585 2321 749 2381 renonent
766 2321 850 2382 Rud.
867 2322 926 2382 222
943 2317 1041 2398 (oct).

285 2431 320 2490 ln
336 2428 417 2491 thesi
431 2428 540 2490 tertia:
558 2431 617 2510 pat
628 2435 716 2490 amat
731 2429 825 2493 Cura.
844 2431 901 2490 142
917 2427 1035 2509 (sept),
1053 2431 1086 2488 tat
1102 2427 1173 2489 edes
1191 2427 1289 2492 Stich.
1301 2429 1360 2490 321

243 2534 358 2616 (dim).
1213 2537 1219 2548 '

284 2645 322 2704 ln
338 2641 418 2706 thesi
434 2651 567 2722 quarta:
587 2643 812 2722 1719110111.
835 2645 892 2704 142
911 2642 1028 2724 (sept),
1046 2649 1189 2725 pateam
1207 2645 1362 2706 11111225

244 2749 360 2830 (sert)-
868 2739 874 2750 ”

285 2859 323 2920 ln
343 2856 423 2920 thesi
444 2857 576 2936 quinta:
600 2859 632 2918 st
655 2864 765 2918 amant
793 2859 909 2922 Baeeh.
937 2857 1016 2920 1165
1033 2857 1149 2938 (sept),
1166 2862 1198 2920 st
1214 2879 1267 2920 eos
1283 2859 1359 2921 Cas.

242 2964 301 3024 721
327 2960 420 3041 (oet),
446 2967 479 3024 si
499 2960 533 3022 id
555 2973 718 3042 conpoctas
740 2965 835 3026 Cure.
863 2967 921 3025 144
945 2963 1059 3044 (sept),
1084 2968 1143 3046 qai
1168 2963 1362 3026 amabilitati

244 3067 343 3144 (oet).
947 3151 948 3158 ἵ

286 3184 323 3243 ln
336 3184 419 3273 thesi
430 3191 533 3243 sexta:
551 3183 633 3263 qaae
648 3201 706 3260 epo
722 3183 797 3244 Cas·
818 3183 879 3246 880
893 3181 989 3261 (oet).

286 3295 324 3354 In
338 3291 401 3353 arsi
418 3292 570 3371 septima:
589 3295 627 3352 nt
641 3291 761 3354 adisses
778 3293 896 3354 Pseud.
911 3293 971 3355 912
989 3295 1087 3371 (111).

287 3405 324 3462 [n
348 3401 496 3463 omnibus
520 3401 571 3462 his
595 3403 750 3482 exemplis
773 3402 994 3480 monosyllaba
1017 3411 1158 3481 correpta
1182 3419 1256 3463 enm
1277 3399 1360 3462 inse-

244 3511 353 3590 quenti
380 3509 465 3572 brevi
488 3509 631 3590 jungitur
659 3521 689 3572 et
712 3511 849 3590 priorem
872 3512 979 3574 loeum
999 3511 1032 3572 in
1056 3511 1120 3574 arsi
1146 3510 1195 3571 vel
1222 3510 1254 3570 in
1279 3508 1360 3571 thesi

243 3621 370 3682 obtinet.
391 3620 537 3682 Klotzius
559 3630 676 3695 autem,
696 3622 852 3696 Granda,
871 3641 900 3701 p.
927 3624 996 3692 124,
1020 3622 1182 3684 contendit
1200 3623 1360 3700 monosyl-

242 3734 350 3795 labam
364 3732 408 3792 ita
426 3751 553 3810 quoque
574 3731 608 3792 in
630 3731 810 3809 anapaestis
835 3750 896 3792 non
921 3731 996 3793 elidi
1020 3741 1050 3792 et
1074 3750 1128 3810 pro
1153 3731 1238 3792 brevi
1253 3731 1361 3792 haberi

244 3853 336 3917 posse
351 3833 378 3896 si
400 3852 476 3896 oum
499 3833 695 3896 antecedenti
722 3833 806 3896 brevi
828 3835 979 3914 jungatur
1003 3843 1033 3896 et
1056 3835 1190 3895 alterurn
1206 3834 1312 3894 losum
1328 3831 1362 3893 in

244 3940 307 4002 arsi
322 3941 373 4001 vel
388 3939 422 4001 in
445 3939 525 4000 thesi
547 3938 694 4000 obtineat.
715 3941 777 4001 Sed
800 3959 901 4002 unum
924 3951 1047 4002 tantum
1069 3937 1161 4002 affert
1181 3942 1363 4017 exemplum

245 4049 318 4112 Mil.
356 4049 434 4113 1067
467 4049 556 4110 mitte
576 4057 633 4110 'me
665 4054 818 4116 aetatum.
851 4051 902 4111 ubi
927 4050 1030 4132 potius
1058 4049 1130 4111 med
1158 4050 1362 4112 scribendum

244 4157 378 4220 videtur.
398 4161 443 4218 De
458 4157 573 4220 cretico
588 4176 644 4237 pro
655 4159 794 4238 spondeo
805 4159 918 4238 posito,
935 4158 1008 4220 vide
1023 4165 1147 4241 supra¹.

287 4267 363 4326 Post
377 4263 532 4326 iambioas
547 4283 672 4352 qaoque
687 4284 780 4328 voees
795 4285 1025 4347 nonnunquam
1048 4269 1080 4330 in
1096 4268 1274 4348 anapaestis
1296 4269 1363 4330 sive

207 4393 210 4398 ·
245 4371 278 4432 in
293 4371 356 4434 arsi
372 4372 439 4434 sive
455 4373 487 4434 in
508 4372 587 4436 thesi
612 4371 726 4435 hiatur.
757 4377 820 4437 Sed
845 4378 957 4438 harum
980 4395 1094 4437 vocum
1118 4373 1224 4438 finalis
1240 4378 1363 4458 syllaba

172 4467 174 4472 ’
245 4489 372 4559 propter
388 4479 514 4541 brevem
529 4479 722 4541 breviantem
740 4480 843 4560 potius
859 4501 957 4561 quam
974 4493 1097 4563 propter
1112 4481 1234 4543 hiatum
1250 4481 1361 4561 eorripi

245 4585 382 4661 videtur,
413 4586 567 4664 quoniam
597 4591 781 4665 seeundum·
800 4591 901 4668 legem
924 4591 963 4652 de
978 4589 1125 4652 brevibus
1150 4590 1363 4652 breviantibus

279 4763 383 4828 liant.
400 4779 507 4830 tta-rsa
518 4781 590 4843 (oet.)
600 4783 772 4833 metiendum
788 4789 829 4834 est
844 4781 962 4844 daetetre
977 4793 1001 4834 et
1016 4782 1128 4841 occidis.
1145 4797 1198 4834 non
1216 4783 1316 4832 araone
1331 4783 1363 4832 εἴ.

246 4851 347 4902 Confer
360 4865 442 4915 supra
456 4851 506 4916 §a
522 4853 547 4903 H
564 4861 591 4902 et
606 4855 677 4903 intra
691 4855 725 4904 11.
