3542 5624
497 749 500 760 ,
600 725 603 731 -
631 711 656 724 ’·
678 695 918 754 'ne‘rnosonm
942 693 945 698 ’
1318 677 1361 749 79

261 843 367 911 ³Nam
396 851 465 928 jure
493 847 648 912 concessit
663 835 765 930 neque
780 852 813 912 in
833 869 942 911 versus
973 846 1035 912 fine
1055 823 1161 928 ¹'neque
1177 847 1210 908 in
1232 867 1362 910 caesura

241 954 392 1016 octonarii
409 954 488 1014 duas
504 955 612 1014 breves
624 971 679 1032 pro
695 971 758 1014 una
769 955 862 1032 longa
872 950 1005 1012 admitti.
1030 952 1168 1030 ldeoque
1195 947 1361 1029 restipium

242 1055 320 1124 'Cist
337 1063 395 1124 701
413 1057 602 1142 (sepulcum
623 1061 758 1140 syninesi
776 1062 809 1122 in
825 1079 936 1124 versus
952 1057 1024 1127 fine,
1049 1059 1163 1140 bbtipit
1187 1062 1272 1123 Rud.
1302 1061 1361 1123 927

241 1175 418 1236 incaesura
443 1165 603 1236 octonarii
623 1171 752 1234 metitus
774 1182 832 1233 est.
849 1169 979 1233 lAddere
1006 1179 1127 1250 poterat
1145 1168 1219 1230 ilico
1234 1170 1267 1232 in
1291 1189 1360 1252 sep-

240 1274 355 1336 tenarii
371 1271 433 1335 line
449 1274 521 1337 Mil.
542 1273 631 1337 1030.

247 1423 249 1428 .
283 1386 430 1446 Ceterum
459 1382 528 1444 ideo
553 1399 629 1443 sane
653 1381 754 1461 dtpna
777 1381 850 1442 diua
873 1400 936 1443 non
952 1381 1053 1462 dipnu
1080 1383 1154 1443 dicu
1175 1383 1302 1446 metitus
1317 1393 1364 1445 est.

244 1491 433 1572 Spengelius
449 1493 533 1572 quod
559 1493 750 1554 Muellerum
766 1491 883 1553 imitari
900 1493 1025 1554 nolebat
1040 1471 1094 1571 qui
1117 1503 1228 1554 natura
1251 1493 1361 1574 longas

243 1593 492 1678 syllabas-telin
521 1596 635 1658 mediis
657 1595 790 1657 vocibus
812 1595 912 1672 (verbi
932 1595 1034 1674 gratia
1058 1593 1192 1672 evenire)
1206 1596 1361 1658 audacius

244 1700 447 1779 corripuerat.
475 1700 591 1760 Confer
619 1683 779 1778 Reform..
809 1718 845 1780 p.
878 1698 947 1761 308.
975 1698 1079 1778 Supra
1106 1698 1191 1759 enim
1215 1697 1363 1779 apparuit
1458 1749 1461 1757 ,

243 1815 356 1868 natura
375 1808 502 1884 longam
519 1806 697 1884 syllabam,
724 1804 785 1866 nisi
810 1801 916 1867 finalis
941 1804 994 1878 sit,
1020 1805 1135 1887 corripi
1166 1823 1227 1866 non
1257 1824 1359 1886 posse.

246 1912 354 1975 Metiri
368 1931 440 1994 ergo
464 1930 527 1973 non
548 1911 651 1993 possis
667 1923 824 1992 quomque
840 1929 888 1970 me
918 1908 1092 1970 dratricem
1120 1907 1190 1968 Mil.
1212 1909 1290 1970 1072
1305 1923 1364 1967 nec

245 2040 322 2081 cena
334 2019 534 2084 diturTruc.
552 2020 621 2080 187.

260 2135 479 2211 ,Argumento
507 2141 554 2192 est
577 2130 676 2193 etiam
703 2132 834 2192 alteram
859 2130 965 2192 cretici
991 2133 1119 2208 longam
1143 2147 1208 2190 non
1235 2127 1361 2207 corripi,

245 2242 330 2320 q'uod
355 2240 505 2302 creticum
534 2238 703 2304 efficientes
737 2241 786 2301 vel
825 2241 857 2300 in
903 2239 1053 2302 creticum
1097 2247 1246 2300 exeuntes
1272 2255 1364 2298 voces

245 2350 279 2412 in
314 2350 443 2430 paribus
481 2351 688 2412 dimetrorum
736 2351 784 2410 vel
827 2359 1080 2411 tetrametrorum
1117 2346 1251 2429 pedibus
1287 2363 1364 2406 nou-

244 2469 410 2532 nunquam
434 2453 653 2527 inveniuntur,
689 2453 720 2514 in
754 2455 869 2532 quibus
892 2455 1065 2535 dactylicae
1094 2455 1144 2515 vel
1179 2453 1212 2514 in
1258 2453 1364 2530 dacty-

246 2559 323 2618 lum*
339 2567 488 2620 exeuntes
516 2575 611 2619 voces
640 2576 702 2620 non
735 2558 957 2630 admittuntur,
984 2558 1046 2619 nisi
1074 2557 1247 2637 superioris
1277 2556 1365 2634 pedis

245 2667 326 2728 arsis
354 2667 500 2730 solvitur·
527 2668 643 2729 Confer
669 2668 761 2730 inira.
790 2669 899 2747 ltaque
929 2667 1073 2728 Klotzius
1099 2669 1167 2746 ipse
1192 2667 1363 2744 (Grande,

246 2793 277 2852 p.
294 2774 365 2852 286)
381 2793 444 2836 non
459 2775 637 2855 legitimum
647 2794 715 2838 esse
729 2777 891 2856 dactylum
907 2776 940 2837 in
954 2754 1262 2837 secundo'octonarii
1287 2773 1366 2854 pede

247 2884 337 2944 Pers.
352 2883 410 2944 781·
435 2882 480 2943 ita
495 2885 544 2942 me
564 2882 706 2956 Toxilus,
735 2901 836 2964 neque
855 2884 888 2945 in
904 2894 991 2944 sexto
1003 2883 1153 2946 octonarii
1170 2883 1249 2962 pede
1265 2881 1363 2944 Poen.

245 2991 325 3051 1187
339 2990 504 3070 perquem
519 2988 650 3050 uicimus
664 2991 767 3052 lassus
783 2999 829 3058 est
843 2990 978 3068 ideoque
993 2989 1123 3050 uiuimus
1140 3009 1195 3070 pro
1209 2987 1364 3067 spondeo,

246 3109 309 3154 non
335 3105 391 3173 pro
406 3093 531 3172 dactylo
558 3093 631 3172 poni
655 3094 797 3171 conjecit.
821 3093 908 3156 Idem
942 3093 975 3156 in
990 3097 1205 3174 haecquoque
1220 3095 1365 3172 exempla

246 3198 333 3260 cadit
351 3222 357 3259 :
375 3199 513 3280 improbi
529 3199 628 3288 Stich.
641 3203 691 3276 43,
707 3201 889 3264 insecundo
903 3201 1025 3264 dimetri
1040 3202 1273 3281 pedequcmA
1289 3211 1319 3262 et
1335 3203 1362 3262 B

247 3306 381 3368 ducibus
404 3325 514 3376 omnes
538 3307 672 3370 editores
702 3319 897 3388 agnoverunt
926 3329 1028 3388 neque
1050 3309 1222 3389 quisquam
1250 3307 1365 3388 corrigi

248 3432 340 3494 posse
354 3413 488 3494 putavit,
503 3415 617 3476 ceteris
633 3416 729 3478 Poen.
740 3417 830 3491 1183,
845 3417 877 3477 in
893 3426 978 3479 sexto
1000 3415 1150 3478 octonarii
1165 3397 1253 3495 pede,
1270 3434 1366 3495 quem

247 3516 317 3593 jure
342 3516 504 3578 coustituit
530 3519 716 3592 Muellerus,
739 3519 850 3579 Plaut.
877 3521 989 3594 Proe,
1005 3540 1036 3600 p.
1063 3523 1150 3590 145¹,
1168 3511 1364 3580 nescicCist.

221 3662 227 3674 -
248 3623 319 3698 676,
345 3625 377 3686 in
398 3626 535 3686 secundo
551 3626 718 3706 septenarii
736 3628 825 3709 pede,
848 3627 883 3690 in
897 3628 986 3690 libris
1005 3629 1135 3708 quidem
1151 3630 1299 3710 corrupti,
1313 3630 1367 3690 sed

251 3735 409 3797 Soboellio
424 3737 504 3798 duce
516 3737 729 3813 probabiliter,
742 3747 776 3798 ut
791 3720 925 3807 iridetur,
943 3738 1083 3799 correcti.

290 3852 432 3931 Denique
447 3871 510 3914 non
525 3854 618 3914 modo
630 3871 765 3934 paeones
781 3864 907 3934 quartos
923 3851 1033 3931 (ww-l
1048 3857 1157 3932 quales
1179 3864 1254 3915 sunt
1269 3852 1366 3914 mari·

251 3953 356 4028 tumis,
373 3953 553 4036 sequimini,
569 3957 623 4018 sed
638 3957 733 4018 etiam
749 3976 885 4038 paeones
896 3956 1015 4038 primos
1028 3955 1138 4034 ΓΜ)
1151 3958 1260 4018 eodem
1274 3957 1368 4019 modo

251 4080 312 4141 quo
327 4063 431 4125 cretici
457 4084 511 4143 pro
527 4085 591 4128 uno
607 4066 683 4146 pede
695 4067 743 4126 vel
759 4067 886 4128 duobus
901 4066 1115 4146 semipedibus
1129 4066 1201 4146 poni
1218 4067 1301 4128 inira
1314 4067 1367 4126 vi-

249 4169 405 4242 dabimus,
435 4172 518 4234 sicut
540 4174 650 4234 seditio
679 4175 801 4252 ipdmel
826 4175 899 4235 Aul.
927 4175 986 4235 724
1015 4171 1114 4251 (oct),
1145 4166 1287 4235 omnium
1312 4175 1367 4235 hd-

250 4281 372 4340 minum
399 4280 490 4340 Trin.
530 4283 608 4341 1115
638 4280 754 4360 (dim).
789 4281 823 4343 Si
854 4281 965 4342 sedulio
993 4283 1116 4360 lipdmel
1144 4300 1220 4369 cum
1245 4283 1368 4342 nemine

251 4381 396 4464 decipiet,
406 4387 551 4462 pessume
566 4391 700 4445 ornatus
715 4387 924 4459 conferemus,
942 4383 1105 4465 apparebit
1118 4385 1251 4446 alteram
1261 4383 1368 4446 cretici

284 4610 306 4660 1.
320 4610 423 4660 Ceteris
431 4611 459 4660 in
471 4611 592 4662 secundo
604 4611 712 4662 dimetri
725 4611 794 4674 pede
803 4611 1009 4662 collocaverunt
1020 4611 1185 4676 Spengelius
1194 4617 1221 4678 et
1229 4612 1370 4662 Goetzius-

253 4683 389 4748 Lpewius,
403 4684 478 4745 bunc
491 4683 581 4734 locum
593 4684 723 4740 audacius
736 4684 909 4752 corrigentes,
921 4684 949 4732 in
962 4691 1040 4734 sexto
1060 4684 1230 4746 septimoque
1242 4683 1312 4746 pede
1323 4696 1369 4732 oc-

252 4755 348 4806 tonarii
365 4755 584 4825 bypercatalecti,
597 4755 910 4824 Goetzius-Sclroellius,
926 4762 1037 4814 servato
1052 4765 1134 4804 soror
1147 4754 1220 4827 quod
1234 4769 1249 4804 e
1262 4769 1293 4804 v.
1309 4753 1370 4810 1182

253 4817 617 4889 s'aneintzrtaatrr‘epstt.
670 4823 692 4836 '¹
764 4833 768 4843 ¹
829 4835 831 4842 ·
1076 4833 1080 4839 ’
1162 4829 1166 4840 '
1250 4822 1265 4831 ”
1345 4825 1347 4831 ’
