3446 5626
435 626 493 692 104
762 647 803 691 nn
824 647 993 691 55555555
1015 646 1214 692 nuncupans

428 787 430 790 ’
477 789 515 851 15
530 787 732 867 unoquidem
746 787 892 868 exemplo
910 787 1028 850 Pseud.
1045 787 1105 851 947
1124 805 1161 850 ea
1185 788 1237 849 lex
1253 787 1430 852 secundum
1452 805 1543 868 quam

425 887 592 976 ¹dactylica
611 917 673 959 vox
689 897 722 960 in
738 899 877 961 secundo
900 900 951 959 vel
971 905 1058 960 sexto
1082 897 1159 975 pede
1183 897 1227 960 ita
1250 897 1345 959 modo
1369 897 1545 962 ‘admittitur

434 1003 460 1065 si
474 1003 644 1086 superioris
659 1003 749 1086 pedis
761 1004 842 1066 arsis
868 1005 1013 1080 solvitur,
1027 1023 1089 1067 non
1105 1005 1224 1070 servari
1236 1005 1360 1070 videtur
1374 1030 1381 1070 ε

436 1135 557 1218 Lepidd
572 1134 669 1209 victu,
688 1137 775 1212 vino,
793 1137 965 1216 huguentis
981 1147 1010 1198 et
1023 1137 1103 1202 inter
1132 1139 1246 1220 pocula
1262 1136 1486 1221 pulpamentis.
1532 1209 1536 1218 ¹

476 1271 539 1333 Sed
550 1272 682 1334 fortasse
696 1262 839 1352 por(u)lc¹r
858 1270 1053 1333 metiendum
1073 1281 1130 1341 cst,
1156 1271 1414 1352 quandoquidem
1447 1270 1545 1333 brevis

436 1377 542 1442 finalis
558 1379 591 1441 in
603 1378 665 1440 arsi
680 1377 810 1457 produci
826 1387 937 1459 potest.

381 1507 386 1522 ·
478 1493 514 1552 ln
529 1506 658 1553 caesura
675 1485 1104 1569 syllabaancepsadmittitur
1119 1487 1202 1548 sicut
1218 1486 1334 1548 Bacch.
1350 1486 1439 1560 1099,
1459 1485 1543 1546 Pers.

423 1598 504 1667 170,
520 1597 591 1664 789,
621 1596 691 1668 792,
719 1595 818 1656 Ρ555.
838 1595 926 1668 1177,
957 1596 1072 1657 Pseud.
1099 1596 1170 1665 948,
1200 1593 1340 1676 itemque
1352 1594 1458 1658 hiatus
1475 1597 1544 1658 Cau.

425 1706 504 1782 726,
534 1703 605 1778 880,
637 1703 726 1766 Pers.
755 1702 824 1772 168,
860 1703 931 1770 754,
956 1703 1028 1770 767.
1053 1702 1124 1772 785,
1152 1701 1269 1764 Pseud.
1288 1701 1358 1774 183,
1375 1702 1545 1776 5971103,

435 1824 604 1891 utrumque
617 1821 724 1873 autem
737 1808 833 1872 simul
850 1811 945 1876 Curc.
961 1810 1029 1879 138,
1049 1807 1146 1870 Pocn.
1165 1807 1253 1883 1188,
1272 1810 1360 1872 Rud.
1376 1808 1446 1872 930.

475 1921 607 2000 Propter
621 1919 851 1999 synaloepham
878 1934 1009 1979 caesura
1033 1920 1106 1978 latet
1122 1916 1241 1978 Bacch.
1260 1916 1350 1991 1106,
1370 1915 1457 1976 Pers.
1474 1915 1544 1988 782,

435 2025 529 2087 Truc·
553 2026 620 2086 105.
640 2024 707 2094 106,
725 2025 813 2085 Peru.
830 2025 900 2093 174,
911 2024 981 2092 756,
1000 2023 1175 2112 Τ515.825.

477 2122 678 2186 paucissima
697 2132 771 2184 sunt
792 2123 938 2202 exempla
959 2122 991 2184 in
1013 2120 1129 2201 quibus
1145 2119 1288 2200 legitima
1310 2138 1442 2182 caesura
1465 2121 1549 2182 deest

434 2237 464 2289 et
491 2227 603 2308 quinta
630 2227 727 2290 thesis
751 2245 824 2290 oum
846 2226 948 2308 priore
976 2226 1178 2289 hemistichio
1205 2225 1358 2307 jungitur,
1387 2227 1462 2287 Aul.
1478 2225 1547 2298 715,

436 2340 555 2400 Bacch.
573 2338 650 2400 1097
667 2353 674 2397 :

436 2469 567 2550 Nequed
588 2488 661 2532 cum
684 2471 923 2537 animocertum
951 2467 1160 2548 investigare:
1191 2468 1318 2531 dbscc'ro
1346 2487 1402 2529 vos
1420 2486 1489 2547 ego,
1506 2466 1549 2528 mi

1408 2571 1548 2650 [adxilio

437 2679 617 2760 Omniaque
640 2690 673 2742 ut
699 2680 841 2759 quidque
854 2680 991 2741 actdmst
1012 2679 1214 2743 memoravit:
1234 2677 1376 2744 odmsibi
1393 2682 1478 2742 hunc
1498 2699 1548 2744 an-

1238 2787 1329 2870 [num
1349 2789 1548 2851 cdnductam.

478 2925 515 2984 ln
527 2931 659 3002 utroque
673 2924 741 2985 loco
756 2922 1004 2985 extraordinaria
1028 2939 1157 2984 caesura
1172 2935 1297 3002 propter
1309 2920 1396 2986 vocis
1412 2921 1547 3000 longitu-

437 3027 543 3090 dinem
554 3028 588 3090 in
598 3025 702 3096 medio
717 3045 808 3088 versu
826 3026 945 3108 positae
960 3027 1101 3090 excusari
1117 3025 1244 3088 videtur
1254 3030 1274 3088 ¹.

469 3215 494 3262 1.
515 3214 615 3264 Bacch.
628 3213 688 3264 1097
702 3213 836 3273 KlotziuS,
851 3212 989 3270 oranda..
1002 3228 1028 3278 p.
1039 3213 1094 3275 217,
1118 3225 1261 3277 perperam
1274 3219 1349 3276 putat
1364 3220 1424 3276 post
1434 3215 1549 3277 priorem

437 3286 548 3346 quintae
572 3285 654 3335 thesis
685 3285 797 3335 brevem
822 3298 964 3335 caesuram
985 3298 1053 3336 esse.
1074 3290 1110 3335 Aa
1142 3285 1231 3334 finalis
1248 3283 1325 3332 -irin
1341 3286 1462 3348 perfecto
1478 3286 1550 3348 apud

440 3356 568 3408 Plautum
581 3356 723 3421 longeest.
