3446 5626
554 689 557 696 ’
669 705 710 747 ns
731 701 889 748 raosonm
1280 674 1341 742 3123

216 856 275 920 952
295 851 330 915 ln
349 848 412 914 fine
429 837 588 931 'tripodiae
603 845 804 912 catalecticae
819 847 936 930 dactyli
952 845 1023 908 vice
1038 843 1128 926 iringi
1144 861 1210 908 non
1220 844 1337 928 potest,

217 956 476 1040 quandoquidem
505 955 651 1034 dactylus
679 953 712 1018 in
743 973 853 1017 versus
879 949 940 1016 fine
967 971 1032 1016 non
1061 951 1255 1028 admittitur3
1284 952 1341 1013 sed

216 1059 535 1142 eandemsynizesim
557 1059 674 1141 patitur
698 1078 796 1138 qnam
826 1057 951 1138 saepius
973 1057 1050 1120 scio.
1078 1059 1158 1120 ltem
1184 1053 1341 1136 syrrizesis

217 1171 383 1235 statuenda
401 1179 448 1232 est
471 1170 666 1232 insecundo
688 1169 765 1248 pede
781 1165 975 1248 paroemiaci
998 1164 1098 1262 Stich.
1124 1153 1338 1241 16'iujuriue.

218 1284 305 1344 Nam
315 1279 441 1342 sicutin
457 1279 610 1354 dimetris,
623 1276 666 1340 ita
681 1278 714 1340 in
730 1275 940 1360 paroemiacis
956 1295 1010 1358 pes
1026 1277 1186 1339 secundus
1201 1293 1218 1336 e
1233 1275 1340 1352 dacty-

215 1383 280 1446 lica
294 1401 370 1446 voce
384 1384 434 1446 vel
448 1381 669 1446 terminatione
687 1391 829 1446 constare
849 1399 913 1444 non
935 1391 1044 1464 polest.
1068 1381 1216 1460 Syncopa
1234 1389 1340 1442 autern

216 1495 453 1576 explanandum
472 1501 520 1556 est
540 1493 691 1555 ultimum
707 1496 902 1572 exemplum,
918 1491 1018 1566 fuisse
1038 1491 1250 1570 Penelopam·
1266 1507 1342 1552 nam

216 1621 275 1665 nec
286 1601 387 1676 fuissb
397 1601 595 1682 Penelopam
606 1619 663 1664 nec
675 1601 780 1679 fuisse
792 1601 989 1682 Pbuelopam
1005 1598 1109 1663 metiri
1125 1601 1173 1661 las
1188 1607 1245 1661 est.
1266 1597 1343 1660 Pos-

217 1724 316 1777 tremo
331 1710 450 1776 idcirco
466 1711 600 1775 creticus
616 1729 672 1792 pro
691 1724 837 1792 quattuor
858 1711 954 1779 moris
976 1711 1104 1794 ponitur
1124 1713 1210 1796 quod
1222 1707 1343 1790 media

220 1817 324 1882 brevis
339 1817 460 1881 tollitur
473 1829 504 1882 et
519 1817 688 1900 pronihilo
704 1817 843 1880 inversu
861 1828 999 1902 putatur.

218 1992 284 2075 ξι).
306 2028 346 2039 -
360 1996 411 2058 De
421 2015 540 2078 paeone
551 2001 667 2079 quarto
679 2017 740 2079 pro
757 2018 817 2059 uuo
832 1999 910 2076 pede
926 2000 972 2062 ccl
985 1999 1109 2063 duobus
1124 1999 1340 2082 semipedibus

721 2103 825 2184 posito

263 2261 351 2322 Pers·
364 2261 424 2324 494
441 2262 460 2322 b
475 2261 501 2322 si
518 2271 599 2324 recte
614 2262 848 2345 discripsimus,
866 2265 1047 2328 memineris
1057 2265 1091 2329 in
1107 2263 1169 2328 fine
1183 2266 1340 2346 tripediae

228 2371 427 2434 catalecticae
442 2391 497 2452 pro
518 2383 664 2452 quattuor
682 2373 780 2438 moris
796 2374 933 2455 ponitur,
959 2377 993 2437 id
1015 2386 1062 2438 est
1081 2395 1135 2456 pro
1154 2387 1335 2454 anapaesto,

223 2473 482 2553 quandoquidem
492 2475 641 2538 ultimum
655 2476 849 2556 semipedem
863 2496 880 2540 e
894 2479 1017 2541 duabus
1034 2479 1179 2542 brevibus
1194 2490 1338 2543 constare

225 2585 388 2649 nonlicet.
412 2586 520 2650 Media
533 2585 630 2666 igitur
645 2587 773 2666 paeonis
793 2588 897 2666 quarti
917 2587 1019 2649 brevis
1040 2606 1178 2668 syncopa
1198 2587 1335 2650 tollitur.

227 2697 274 2759 De
287 2697 347 2760 hoc
361 2698 440 2771 loco,
452 2695 525 2759 vide
539 2698 621 2760 inira
632 2697 677 2776 (in
692 2697 772 2760 libro
787 2696 899 2776 tertio).

602 2878 619 2961 ἓ
641 2881 673 2943 5.
701 2913 740 2924 -
754 2881 805 2943 De
819 2879 911 2942 biatu

263 3037 288 3098 l.
307 3035 439 3114 Syllaba
449 3053 512 3098 non
527 3035 605 3099 elisa
619 3033 796 3115 corripitur.

262 3145 299 3204 ln
315 3141 395 3206 thesi
412 3123 573 3205 secunda:
591 3146 625 3204 lb
640 3144 732 3204 bomo
751 3147 869 3207 Bacch.
887 3147 966 3207 1155
981 3165 1000 3208 a
1016 3143 1129 3226 (par).

254 3247 307 3308 ll.
326 3247 457 3326 Syllaba
471 3245 506 3308 in
527 3246 615 3308 hiatu
636 3245 805 3311 immutata
824 3259 978 3312 servatur.

261 3356 290 3415 1.
311 3353 424 3416 Brevis
438 3353 657 3432 monosyllaba
670 3353 774 3418 littera
789 3376 820 3415 m
834 3355 1004 3418 terminata
1019 3375 1080 3418 non
1099 3355 1239 3419 eliditur.

262 3463 298 3523 ln
312 3461 393 3524 thesi
406 3460 508 3542 prima
525 3476 532 3522 :
550 3462 624 3522 num
639 3481 696 3540 epo
713 3462 774 3522 buc
789 3463 885 3524 Truo.
902 3465 959 3524 113
977 3466 994 3524 b
1012 3463 1119 3545 (par).

265 3563 301 3621 ln
319 3559 384 3622 arsi
398 3557 503 3641 prima
519 3582 525 3621 :
541 3562 687 3657 sum'epo
707 3562 779 3622 Cas
796 3562 856 3624 736
869 3561 954 3641 (trip.
973 3561 1059 3639 cat).

261 3673 290 3733 2.
309 3670 449 3734 lambica
462 3690 524 3734 vox
539 3681 611 3734 ante
624 3672 764 3734 vocalem
781 3691 835 3751 pro
846 3672 1031 3754 pyrrhichio
1046 3671 1183 3755 ponitur.

263 3783 298 3843 ln
313 3779 394 3842 thesi
409 3779 548 3841 secunda
564 3802 571 3840 ι
590 3778 685 3840 mode
697 3779 740 3840 ud
757 3780 830 3842 Ges.
845 3781 904 3844 632
920 3802 939 3844 a
953 3779 1057 3861 (pan).

263 3889 300 3951 ln
312 3887 375 3950 arsi
391 3897 505 3966 quarta
524 3908 530 3948 :
549 3891 608 3967 apd
627 3887 793 3949 bominum
803 3891 898 3951 Truc.
915 3891 954 3953 98
971 3889 1078 3969 (irim).

262 4013 291 4073 3.
318 4010 433 4072 Pseud.
460 4009 539 4071 1318
559 4007 652 4090 (par.)
676 4028 724 4070 cm
748 4018 820 4071 ante
846 4010 991 4073 beenon
1015 4012 1108 4074 modo
1130 4031 1194 4076 non
1212 4009 1343 4075 eliditur

223 4113 306 4176 sicut
321 4115 413 4176 Curc.
429 4114 498 4182 128,
513 4114 568 4176 sed
583 4113 678 4175 etiam
690 4109 847 4196 positione
859 4115 990 4194 longum
1003 4129 1060 4179 est.

620 4303 637 4385 ᾗ
652 4305 682 4368 6.
702 4337 737 4348 -
753 4305 803 4366 De
818 4304 939 4384 sfluobi

266 4470 399 4551 Syllaba
411 4465 515 4530 brevis
531 4485 546 4527 s
561 4464 665 4528 littera
679 4464 848 4527 terminata
862 4474 934 4526 ante
949 4473 1174 4527 consonantem
1190 4463 1343 4544 positione

226 4575 413 4660 producitur
430 4595 438 4634 t
457 4573 560 4637 Stich.
578 4572 637 4634 316
655 4569 748 4650 (par.)
765 4571 870 4632 sulcos
889 4570 935 4648 (in
949 4569 1011 4632 arsi
1027 4568 1152 4650 primati,
1169 4570 1268 4632 Stich.
1285 4573 1343 4632 313

227 4681 322 4763 (par.)
338 4681 483 4759 depassus
500 4674 544 4738 (in
563 4675 643 4739 thesi
664 4673 827 4752 secundet,
846 4675 941 4736 Curc.
962 4675 1002 4737 96
1023 4674 1120 4752 lirim.
1141 4673 1216 4749 cat.)
1233 4677 1343 4738 celeris

226 4791 270 4871 [in
285 4788 366 4853 thesi
389 4783 552 4864 secunda).
