3542 5624
603 1191 737 1306 rinna
764 1229 1003 1304 secururs

674 1615 723 1674 ne
744 1613 915 1672 Prosodia

535 1959 549 2031 ἓ
564 1959 593 2016 t.
617 1956 668 2017 De
683 1954 827 2016 brevibus
842 1953 1071 2016 breoionlibua.

263 2155 338 2214 Non
362 2149 496 2212 dubium
520 2167 589 2212 esse
608 2149 734 2212 videtur
748 2147 826 2228 quin
849 2165 912 2210 non
937 2149 1031 2210 modo
1060 2143 1093 2208 in
1115 2147 1338 2228 anapaesticis,
1372 2219 1376 2226 ¹

222 2259 333 2322 sedin
359 2255 506 2320 iambicis
532 2275 657 2337 quoque
690 2267 721 2318 et
741 2256 909 2319 trochaicis
936 2257 1094 2331 versibus,
1118 2255 1257 2320 iambica
1279 2277 1340 2320 vox

221 2389 278 2452 pro
312 2367 496 2452 pyrrhichio
538 2369 623 2449 apud
664 2367 812 2430 Plautum
853 2367 1100 2446 Terentiumque
1130 2367 1202 2446 poni
1227 2367 1338 2450 possit,

222 2478 362 2556 itemque
386 2475 605 2558 polysyllabae
627 2472 714 2536 vocis
738 2475 777 2534 ab
801 2472 906 2534 iambo
942 2472 1124 2552 incipientis
1148 2475 1245 2536 altera
1277 2475 1340 2553 syl-

220 2586 305 2656 laba,
335 2583 472 2664 denique
502 2585 552 2645 vel
574 2584 795 2664 monosyllaba
819 2585 869 2644 vel
891 2585 1111 2664 polysyllabae
1142 2585 1340 2665 principialis

222 2695 356 2773 syllaba,
386 2693 413 2755 si
438 2695 565 2756 brevem
591 2693 847 2771 monosyllaham
869 2697 919 2755 vel
944 2694 1133 2774 disyllabam
1157 2715 1268 2759 vocem
1292 2715 1338 2760 se-

222 2806 341 2876 quatur
368 2800 462 2878 cujus
486 2795 572 2876 prior
598 2796 721 2874 syllaba
749 2795 851 2857 brevis
879 2794 919 2857 sit
937 2805 967 2857 et
992 2797 1090 2858 altera
1111 2799 1340 2879 synaloepham

223 2907 368 2988 patiatur,
402 2907 446 2970 ita
472 2906 587 2988 corripi
611 2905 711 2987 possit
729 2915 762 2967 ut
787 2926 860 2968 oum
889 2907 1085 2968 antecedenti
1120 2906 1207 2969 brevi
1232 2909 1340 2986 juncta

222 3033 327 3078 arsem
356 3013 406 3076 vel
436 3014 557 3074 thesem
580 3013 713 3090 expleat.
742 3013 823 3072 Eam
848 3009 934 3073 enim
955 3011 1056 3089 legem
1086 3030 1105 3072 a
1129 3013 1284 3075 Muellero
1306 3012 1340 3073 in

221 3123 302 3185 libro
324 3125 362 3185 de
384 3121 535 3184 Plautina
559 3121 712 3184 Prosodia
733 3122 920 3202 patefactam
946 3129 976 3182 et
1015 3121 1160 3201 plurimis
1186 3123 1339 3202 exemplis

221 3231 412 3294 illustratam
428 3229 611 3294 Ludovicus
631 3231 775 3300 Havetus
797 3229 830 3290 in
846 3229 926 3293 thesi
939 3232 977 3293 de
991 3230 1140 3295 Saturnio
1153 3233 1339 3298 Latinorum

221 3354 315 3398 versu
325 3337 500 3398 luculenter
512 3325 721 3398 confirmavit.

263 3442 324 3512 Qui
340 3441 438 3519 hujus
453 3439 660 3520 correptionis
671 3457 801 3502 causam
818 3439 986 3521 perspexit,
1003 3459 1117 3523 nempe
1131 3425 1201 3523 post
1213 3443 1339 3505 brevem

221 3547 443 3630 principialem
467 3547 537 3610 ideo
559 3549 687 3628 longam
710 3548 826 3629 corripi
841 3549 925 3629 quod
941 3549 1062 3628 primae
1084 3551 1252 3612 verborum
1271 3554 1338 3633 syl-

220 3656 309 3720 labae
331 3657 417 3734 apud
441 3663 561 3718 veteres
594 3654 724 3716 Latinos
749 3655 987 3734 insequentibus
1013 3657 1182 3718 validiores
1211 3659 1336 3722 luerint.

222 3766 327 3841 Atque
343 3765 439 3842 hujus
458 3762 582 3845 priscae
596 3765 861 3844 pronuntiationis
878 3764 963 3828 testis
987 3773 1034 3826 est
1057 3784 1120 3827 uon
1145 3768 1337 3830 modovoca-

221 3871 301 3933 lium
324 3871 502 3934 mediarum
525 3871 705 3934 immutatio
730 3890 793 3952 qua
818 3872 906 3934 verbi
930 3857 1060 3952 gratiae
1075 3871 1108 3932 in
1125 3875 1340 3954 compositise

220 3983 407 4053 factumest,
426 3983 480 4044 sed
491 3981 587 4044 etiam
598 3981 729 4043 alterius
740 3983 880 4059 syllabae
894 3984 944 4042 vel
960 3981 1172 4060 correptiovcl
1186 4001 1335 4062 syncopa.

221 4090 307 4151 Nam
322 4108 361 4153 ex
376 4087 514 4167 Ἡρακλῆς
539 4090 658 4152 lactum
684 4098 730 4150 est
748 4086 940 4167 Herclu)les,
967 4108 1004 4150 ex
1029 4088 1192 4166 κυπάρισσφς
1213 4111 1339 4171 cupres-

220 4217 286 4266 sus,
317 4215 357 4260 ex
372 4194 546 4268 Πολυδεύκης
564 4194 696 4270 Polluce,
713 4215 752 4259 ex
766 4194 936 4270 *re-letatii,
966 4195 1086 4258 rettuli.
1104 4198 1157 4259 Gi.
1182 4197 1336 4274 Klotnius‚

225 4305 357 4366 Wiener
373 4303 522 4378 Studien,
540 4305 631 4378 Vlll,
657 4325 687 4384 p.
704 4306 772 4369 149.

262 4411 344 4472 Sunt
369 4419 473 4471 tamen
489 4407 543 4489 qui
569 4407 740 4471 iambicam
766 4407 993 4486 correptionem
1016 4408 1112 4470 latius
1142 4419 1247 4489 patere
1270 4430 1338 4472 cen·

221 4526 310 4580 seaot
329 4525 359 4579 et
374 4526 498 4596 propter
520 4517 658 4578 mediam
680 4534 806 4596 quoque
829 4516 956 4577 brevem
974 4516 1193 4597 insequentem
1208 4521 1338 4597 longam

222 4620 337 4701 corripi
361 4639 465 4702 posse,
483 4619 566 4682 sicut
585 4619 618 4680 in
632 4619 774 4688 obsecro,
791 4617 932 4699 perdidt,
949 4623 1117 4682 necsolum
1138 4621 1170 4682 in
1186 4640 1338 4702 anapaes-

220 4725 272 4798 ris,
289 4726 344 4792 sed
366 4724 460 4787 etiam
490 4724 698 4787 iambicorum
720 4724 1013 4803 trochaicorumque
1034 4744 1185 4790 versuum
1206 4729 1336 4807 quibus-

220 4833 293 4894 dam
322 4829 355 4892 in
385 4828 529 4908 pedihus.
556 4829 607 4892 ct.
636 4831 738 4896 Klotz,
763 4826 919 4898 Grande,
944 4845 974 4907 p.
995 4830 1044 4892 42.
1071 4832 1335 4908 Sonnmschein„
