3542 5624
703 703 744 748 os
766 702 922 746 ruosonrr
1326 685 1365 747 75

287 939 315 1028 ΙΙ.
340 937 381 999 De
400 910 529 998 creticis
549 934 756 1016 dactylicisce
778 934 904 997 vocibus
921 955 1058 1018 quarum
1073 934 1185 996 altimo
1199 933 1325 1023 syllaba

247 1044 475 1124 synaloepham
488 1043 612 1124 potitur
627 1063 698 1104 carn
711 1039 940 1122 monosyllabis
960 1047 1077 1104 notura
1103 1041 1210 1121 lonyis
1228 1042 1364 1114 janctis.

291 1241 327 1299 ln
344 1237 444 1318 primo
459 1238 660 1316 secundoque
671 1237 763 1318 pedo:
782 1235 980 1298 obsecrabas
993 1235 1094 1298 Stich.
1111 1235 1201 1298 326a
1216 1189 1338 1314 (dim).¹

288 1349 325 1409 ln
337 1347 427 1410 tertio
443 1347 519 1427 pede
535 1369 540 1402 :
556 1345 677 1428 pelleye
688 1345 748 1406 nae
761 1345 849 1406 Pers.
865 1344 924 1406 497
938 1343 1054 1423 (seps).

246 1648 248 1655 Ι
290 1569 333 1632 Κ.
349 1567 399 1630 De
410 1561 649 1640 trochaicislvel
659 1562 692 1624 in
708 1561 894 1622 trochaeum
909 1557 1240 1656 exeuntibuslcocibus
1253 1577 1325 1650 cum

246 1681 434 1768 principiali
455 1679 675 1764 polysyllabae
699 1675 783 1738 cocis
806 1673 964 1755 positione
981 1673 1079 1752 lonya
1093 1671 1220 1752 syllaba
1228 1671 1364 1742 junctis.

246 1867 249 1876 ’
289 1873 399 1950 Unum
432 1868 614 1949 exemplum
643 1865 751 1930 inveni
785 1865 859 1926 Cas
884 1863 944 1924 726
969 1859 1067 1938 (σοι),
1111 1864 1286 1922 encarotus
1319 1859 1367 1921 in-

248 1974 382 2044 cessisti,
398 1973 452 2035 sed
463 1969 596 2034 minime
606 1987 731 2031 necesse
744 1977 790 2030 est
806 1985 861 2046 pro
877 1967 1037 2029 incessisti
1051 1969 1135 2047 quod
1156 1967 1366 2068 Ambrosiano

249 2090 278 2142 et
295 2078 406 2144 ceteris
422 2076 512 2140 libris
527 2075 674 2140 traditum
691 2089 738 2140 est
753 2073 878 2138 cessisti
892 2075 1062 2155 corrigere.

276 2260 314 2366 ll.
344 2303 394 2366 De
408 2301 582 2365 trochaicis
593 2303 718 2364 vocibus
734 2324 805 2364 cum
815 2301 1003 2383 principiali
1015 2304 1236 2384 polysyllabae
1252 2306 1337 2366 cocis

568 2425 685 2480 natura
697 2421 793 2498 lonya
801 2419 1065 2501 syllobojunctis.

290 2609 327 2668 lu
341 2607 441 2686 primo
452 2608 545 2688 pede:
563 2606 665 2686 cliyna
678 2606 751 2671 divo
768 2609 866 2670 Poen.
879 2609 957 2671 1177
969 2605 1065 2688 (ocu).

290 2714 343 2777 Sic
353 2714 438 2776 enim
452 2717 479 2774 Α
501 2725 531 2776 et
547 2715 719 2776 Pducibus
739 2715 864 2806 scripsit
874 2716 1073 2797 Spengelius‚
1091 2737 1148 2780 nec
1163 2718 1222 2780 deo
1230 2739 1285 2800 pro
1294 2694 1374 2782 oliva

247 2810 471 2891 corrigendum
485 2823 543 2886 est,
562 2831 639 2874 nam
649 2812 817 2875 alliteratio
830 2813 882 2872 di·
897 2813 944 2873 oli-
974 2816 1127 2876 servanda
1141 2815 1278 2880 videtur.

292 2919 454 3000 Quomque
466 2939 514 2980 me
525 2918 697 2980 oratricem
712 2919 784 2981 Mil.
795 2920 872 2982 1072
896 2919 1016 3000 (sepi).
1038 2924 1113 2984 lure
1126 2925 1211 2985 enim
1226 2943 1283 2986 nec
1308 2945 1368 3007 quc

248 3025 333 3104 quod
353 3025 377 3087 C
393 3028 418 3086 D
441 3025 466 3086 F
481 3027 597 3087 habent
619 3035 649 3086 et
664 3034 733 3104 post
744 3025 833 3106 prius
849 3048 943 3108 quom
967 3028 1044 3090 ratio
1072 3031 1278 3105 grammatica
1291 3050 1366 3110 pos-

249 3135 327 3193 tulat
353 3150 410 3194 nec
435 3153 483 3194 me
515 3133 664 3196 omuibus
691 3133 780 3196 libris
808 3135 960 3197 traditum
988 3137 1163 3199 omiserunt
1200 3137 1364 3200 Goctzius-
1392 3148 1396 3155 ’

250 3231 440 3293 Schoellius.

289 3337 326 3396 ln
340 3334 428 3397 tenio
443 3345 616 3415 quartoque
632 3338 724 3416 pede:
749 3355 826 3396 cena
843 3337 938 3396 detur
952 3339 1047 3400 Truc.
1066 3341 1123 3400 127
1140 3336 1254 3418 (dimi.
1269 3342 1323 3402 Sic
1339 3343 1366 3404 A

247 3443 1365 3528 duceCamerariusctSchoelliusetGoetzius-Schoelliusscripserunt,

201 3546 205 3554 '
248 3567 307 3610 nec
328 3569 405 3610 ceno
442 3549 542 3610 datar
564 3552 738 3612 Muellerus
768 3551 1021 3631 Spengeliusque
1055 3553 1123 3630 jure
1152 3565 1364 3629 correxerunt,

248 3667 324 3714 nam
348 3651 502 3714 sententia
530 3653 770 3729 subjunctivum
794 3656 943 3734 postulat.
971 3655 1033 3716 Hic
1060 3665 1167 3718 autem
1189 3657 1367 3720 versiculus

249 3773 324 3816 sane
349 3772 402 3817 an.
435 3757 568 3820 dimeter
595 3766 642 3818 est
657 3755 738 3818 sicut
762 3756 784 3818 ii
810 3777 889 3836 quos
914 3760 1055 3838 sequitur
1072 3763 1368 3844 paroemiacumque

249 3858 414 3922 antecedit.

250 4075 297 4134 M.
323 4073 373 4134 De
387 4071 726 4153 creticiscloctylicisoe
742 4073 800 4152 (cel
817 4075 849 4136 in
861 4077 1015 4164 creticum
1031 4078 1233 4162 dactylumoe
1253 4101 1366 4142 cecean-

291 4173 382 4254 tibas)
404 4175 530 4238 uocibus
552 4195 688 4257 quorum
716 4177 827 4239 ultimo
842 4181 966 4262 syllaba
987 4184 1218 4264 synaloepham
1244 4185 1368 4265 patitur

290 4304 360 4344 cam
373 4284 561 4365 principiali
572 4285 793 4366 polysyllabae
816 4287 899 4350 oocis
924 4290 1083 4370 positione
1110 4293 1208 4371 lonyo
1241 4295 1367 4376 syllaba

283 4390 418 4462 janctis.

294 4587 329 4646 lu
341 4555 442 4665 primo
457 4585 658 4664 secundoque
675 4583 765 4661 pede:
782 4583 884 4643 seroio
901 4593 994 4662 atque
1002 4585 1093 4651 Truc.
1108 4588 1165 4646 125
1176 4585 1267 4661 (dim.
1273 4610 1295 4662 p.

295 4693 481 4757 insecundo
498 4693 592 4772 pede:
619 4691 742 4752 nemine
761 4691 895 4774 accipiet
922 4693 993 4756 Mil.
1012 4695 1089 4756 1062
1109 4692 1225 4773 (sepa),
1259 4695 1361 4774 Saye·

153 4823 161 4838 ¹
250 4807 599 4870 ristioaccambePerS.
619 4801 783 4884 lffliosty.
