3450 5630
782 715 822 755 DE
844 713 1011 756 PLAL'TlNlS
1034 714 1232 756 ANAPAESTlS

648 887 677 946 2.
700 886 855 967 Tripodia
875 905 945 947 cam
969 905 1022 947 an.
1044 883 1354 965 dimetrisjuapitar
1466 893 1483 942 .'

491 1060 571 1122 Cist.
584 1060 644 1122 206
652 1077 706 1122 an.
724 1059 868 1138 tripudia,
894 1075 975 1137 quae
993 1076 1012 1118 a
1027 1057 1333 1120 Goetzio-Schoellio
1366 1067 1451 1118 recte
1482 1075 1569 1134 sepa-

393 1145 395 1157 ’
450 1179 516 1229 rata
526 1176 582 1240 est,
597 1169 629 1229 iu
646 1147 735 1228 initio
748 1165 938 1245 anapaestici
959 1165 1139 1244 systematis
1151 1184 1188 1254 eu
1203 1164 1336 1225 dimetro
1353 1174 1384 1225 et
1398 1147 1571 1241 dipodiact

451 1275 582 1338 dimetro
597 1284 627 1338 et
642 1275 840 1354 paroemiaco
851 1272 1025 1335 constantis
1042 1273 1180 1352 ponitur.

359 1365 363 1374 ¹
493 1383 572 1442 ltcm
589 1383 662 1444 Cas
675 1381 735 1444 890
755 1399 829 1442 sane
844 1379 982 1461 tripodia
994 1392 1040 1442 est
1051 1371 1144 1448 {nam
1167 1383 1302 1442 alterum
1311 1381 1384 1450 jum
1399 1383 1570 1443 delendum

453 1499 512 1550 est:
531 1492 606 1550 liaeo
621 1487 707 1551 verbi
717 1489 789 1560 jam
801 1497 869 1568 post
883 1488 987 1566 mapis
1003 1488 1145 1566 repetitio
1157 1507 1232 1549 sane
1242 1507 1281 1549 ex
1295 1507 1331 1550 eo
1342 1500 1410 1549 orta
1426 1488 1572 1567 estquod

454 1591 637 1670 mapisjam
658 1592 690 1652 iu
708 1592 849 1668 sequenti
866 1591 1022 1651 versiculo
1047 1590 1217 1652 iuvenitur.
1244 1594 1290 1652 Ea
1312 1592 1462 1669 tripudia,
1489 1593 1571 1652 sicut

455 1700 533 1760 Cist.
550 1699 620 1771 206,
637 1699 669 1759 in
685 1699 777 1760 iuitio
792 1699 981 1778 anapaestici
995 1699 1174 1777 systematis
1186 1702 1368 1764 collocatur.

496 1808 671 1868 Dimetrum
685 1817 792 1868 contra
814 1807 955 1884 sequitur
973 1807 1111 1886 tripodia
1125 1809 1219 1869 Truo.
1236 1809 1296 1869 449
1313 1808 1453 1886 itemque
1476 1810 1570 1869 Truc.

351 1953 355 1964 .
453 1918 523 1976 451.
542 1917 775 1994 Conlersupra,
789 1936 819 1995 p.
838 1917 908 1975 241.

661 2091 690 2150 3.
714 2088 869 2166 Tripodia
885 2107 955 2147 cum
982 2107 1035 2146 an.
1051 2087 1197 2148 trimetro
1219 2087 1373 2168 junpitur·

494 2248 588 2306 Truc.
606 2247 665 2307 453
687 2264 761 2306 cum
776 2263 833 2322 au„
851 2244 1027 2305 trimetrum
1045 2261 1120 2304 saue
1135 2253 1296 2322 sequatur,
1314 2261 1369 2303 an.
1396 2245 1568 2326 tripodium

456 2352 644 2414 constituere
659 2353 757 2413 satius
777 2361 823 2411 est
837 2369 931 2428 quam
956 2349 1130 2412 iambicum
1147 2351 1317 2412 dimetrum
1332 2352 1572 2426 catalecticum.

456 2463 653 2538 Auapaestos
683 2458 766 2520 euim
783 2478 851 2520 esse
867 2459 1157 2520 animadverterunt
1177 2459 1379 2540 SpengeliuS‚
1410 2461 1573 2522 Goetzius·

458 2565 646 2632 Sohoellius,
665 2565 718 2624 sed
734 2565 873 2642 neglecta
888 2563 1089 2624 distinctione
1105 2584 1255 2626 versuum
1269 2585 1365 2646 quam
1393 2569 1419 2628 B
1435 2568 1571 2640 exhibet,

457 2675 614 2734 trimetros
630 2675 708 2734 duos
722 2676 873 2734 lecerunt.

498 2785 591 2842 Truc.
610 2782 668 2842 573
694 2799 745 2840 au.
763 2780 899 2860 tripudia
914 2783 940 2841 Β
956 2781 1035 2842 duce
1051 2784 1226 2860 separanda
1241 2802 1309 2844 esse
1325 2783 1459 2858 videtur,
1478 2789 1573 2864 quam

458 2908 509 2952 an.
527 2890 668 2952 trimeter
680 2890 845 2952 antecedit.
1249 2886 1252 2896 ¹

643 3070 659 3150 ᾖ
679 3074 724 3131 11.
750 3105 787 3112 —
803 3073 853 3132 De
870 3072 1008 3150 simpatia
1031 3073 1182 3153 tripudiis
1205 3075 1402 3142 catalecticos

579 3232 608 3288 1.
632 3228 787 3306 Tripodia
800 3227 1069 3288 catalecticacum
1085 3248 1137 3289 aa.
1155 3227 1297 3307 dipodius
1304 3228 1458 3307 junpitur·

502 3375 601 3436 Stich.
619 3378 637 3435 2
653 3397 682 3448 a,
702 3377 746 3438 7a
760 3375 914 3456 tripodiae
928 3351 1292 3456 catalecticae'siugulae
1309 3389 1412 3440 ternas
1429 3377 1574 3458 dipodius

463 3485 509 3545 us
532 3498 717 3564 sequuntur.
736 3485 834 3580 sucu).
852 3487 870 3544 a
885 3503 912 3558 ο,
942 3485 1015 3546 cas.
1035 3486 1102 3554 172,
1122 3487 1189 3556 175,
1211 3487 1283 3560 177,⁴
1292 3488 1354 3578 ,rus
1367 3488 1395 3553 o,
1415 3473 1503 3547 Meis.
1523 3489 1576 3547 354

463 3575 604 3673 singulas
634 3593 778 3672 dipodias
808 3592 949 3672 singulae
976 3605 1150 3671 sequuntur
1179 3594 1331 3672 tripodiae
1359 3595 1573 3656 catalect-icae.

462 3705 542 3766 Vide
554 3723 660 3782 supra,
677 3723 705 3782 p.
728 3705 792 3772 130,
808 3704 877 3765 250.

573 3881 601 3940 2.
632 3877 785 3958 Tripodia
802 3877 988 3940 catalectico
1005 3898 1075 3937 cum
1091 3897 1141 3937 aa.
1159 3877 1468 3956 tripodiicjunpitur

505 4048 579 4106 Cas.
591 4045 679 4106 163a
702 4041 836 4122 tripodia
855 4041 1035 4103 catalectico
1054 4040 1205 4119 tripodias
1232 4041 1310 4100 duas
1329 4040 1483 4118 sequitur.
1505 4043 1578 4100 ltem

469 4155 582 4215 Pseud.
594 4154 670 4213 1255
685 4149 1009 4231 tripodiacatalectica
1020 4158 1089 4224 post
1099 4147 1249 4227 tripudias
1263 4159 1323 4207 tres
1335 4158 1486 4224 tanquam
1498 4149 1577 4206 clau·

466 4251 536 4322 sula
550 4253 728 4321 collocatur.
750 4260 833 4318 Rud.
846 4259 905 4319 925
922 4259 939 4316 b
954 4268 984 4317 et
998 4257 1091 4316 Truo.
1109 4257 1168 4316 103
1184 4276 1202 4316 a
1222 4253 1371 4333 tripodias
1384 4253 1577 4314 catalecticus

467 4367 608 4446 singulas
620 4369 763 4445 singulae
778 4366 964 4426 antecedunt
978 4363 1227 4441 tripodiac.Vide
1238 4381 1343 4441 supra,
1362 4381 1413 4440 pp.
1427 4363 1497 4428 132,
1510 4363 1574 4424 251.

538 4563 543 4574 ’
594 4556 623 4614 3.
641 4550 795 4629 Tripodia
807 4550 993 4610 catalectico
1009 4570 1079 4608 cum
1092 4569 1144 4610 un.
1162 4547 1470 4625 dimetrisjuttpt'tur

474 4739 480 4744 ·
510 4710 554 4768 De
569 4705 712 4785 tripudiis
728 4703 918 4766 catalecticis
934 4702 1069 4782 siugulis
1085 4719 1156 4762 cum
1174 4699 1308 4778 siugulis
1330 4697 1474 4760 dimetris
1494 4699 1576 4776 junc-

469 4812 507 4873 tis
530 4829 635 4891 supra,
655 4829 682 4889 p.
701 4811 769 4876 242,
788 4807 979 4870 dictumest.
