3446 5626
684 741 725 786 ns
747 739 907 785 naosonra
1307 722 1344 782 81

229 889 379 950 audiatur
397 898 437 959 ct,
464 885 548 966 quod
568 882 608 947 ad
622 892 761 946 metrum
786 882 907 956 attinet,
925 879 1017 960 quasi
1033 897 1207 961 suppressa
1221 878 1272 944 sit.
1293 879 1347 940 Fi-

230 995 312 1056 nalis
327 991 414 1055 enim
427 991 540 1054 talium
550 1009 667 1054 vocum
682 989 802 1052 vocalis
817 987 1150 1068 nequeantevocalem
1165 1002 1268 1066 neque
1278 997 1350 1048 ante

229 1110 457 1186 consonantem
485 1099 631 1162 funditus
646 1097 742 1161 deleri
759 1099 895 1170 videtur,
913 1096 1171 1176 quandoquidem
1185 1095 1347 1158 nihilomi-

185 1209 188 1270 1
232 1227 292 1272 nus
306 1208 465 1271 scribitur.
482 1207 596 1286 Neque
612 1206 789 1270 timendum
804 1213 851 1268 est
872 1205 975 1266 nevel
991 1204 1188 1284 synaloepha
1202 1205 1252 1265 vel
1274 1221 1351 1281 syn-

232 1335 311 1398 copa
334 1316 379 1378 ita
402 1316 595 1378 deformatae
629 1312 747 1376 luerint
766 1322 801 1376 ut
819 1311 873 1374 vix
888 1311 1155 1390 intellegerentur.
1169 1312 1220 1374 Cl.
1244 1311 1349 1386 Klotz,

140 1421 144 1428 ’
236 1424 392 1498 Grande,
411 1443 441 1502 p,
459 1423 528 1486 195.
615 1433 617 1440 ’

275 1534 348 1594 Non
374 1529 466 1592 aliter
489 1531 527 1593 de
548 1521 690 1611 syncopa
713 1527 837 1592 mediae
862 1526 982 1590 vocalis
1004 1527 1212 1607 judicandum
1234 1537 1353 1589 estnec

234 1657 369 1701 necesse·
384 1620 436 1704 est¹
456 1637 698 1718 Sonnenburgio
726 1639 807 1699 duce
830 1637 929 1710 altro,
951 1655 1082 1698 macnus
1097 1645 1128 1698 et
1142 1634 1262 1698 similia
1280 1637 1354 1698 scri-

125 1769 127 1776 ’
235 1750 317 1810 bere.
337 1747 424 1810 Nam
439 1745 473 1808 in
486 1745 595 1808 tabula
616 1741 768 1806 Mummii
787 1749 913 1806 uouerat
928 1743 1154 1825 scriptumest,
1171 1763 1356 1824 quanquam

235 1857 314 1918 haec
328 1873 391 1916 vox
405 1853 440 1916 in
456 1849 519 1915 fine
535 1849 676 1916 Saturnii
691 1851 843 1912 collocata
858 1869 913 1930 pro
930 1851 1068 1931 spondeo
1079 1852 1206 1931 ponitur
1216 1851 1356 1929 itemque

236 1963 269 2024 in
291 1961 488 2026 dedicatione
511 1959 747 2022 Vertuleiorum
768 1959 921 2022 Heraclei
935 1960 1061 2042 legitur,
1078 1961 1133 2042 qui
1149 1962 1284 2026 creticus
1299 1979 1356 2042 pro

237 2071 375 2151 spondeo
399 2069 433 2131 in
451 2087 582 2131 caesura
606 2065 747 2130 Saturnii
769 2069 934 2130 habendus
957 2057 1014 2132 est.
1037 2069 1153 2132 Confer
1179 2071 1217 2132 L.
1239 2069 1355 2141 Havet,

237 2179 288 2240 De
303 2171 460 2239 Saturnio
476 2175 667 2264 latinorum
678 2169 784 2248 'aerata
802 2193 831 2253 p.
843 2174 912 2237 236.

190 2363 193 2370 ,
237 2307 239 2310 ·
279 2284 403 2347 Finalis
431 2284 481 2344 vel
507 2283 631 2361 mediae
655 2281 775 2344 vocalis
796 2299 936 2364 syncopa
963 2282 1037 2345 inde
1057 2294 1131 2346 nata
1150 2301 1219 2346 esse
1233 2285 1359 2347 videtur

150 2461 152 2466 ,
238 2394 321 2476 quod
343 2392 473 2455 initium
499 2393 667 2454 verborum
686 2390 837 2459 validius,
864 2401 983 2454 ceterae
1009 2393 1149 2471 syllabae
1172 2393 1305 2455 celerius
1321 2413 1358 2455 ac

191 2519 201 2546 r
238 2491 341 2556 levius
362 2485 661 2572 pronuntiabantur.
681 2491 732 2554 Gi.
747 2508 852 2570 snpra,
870 2487 887 2569 ἓ
902 2494 933 2564 1,
947 2501 980 2578 et
995 2491 1144 2565 Skutsch,
1159 2513 1190 2572 p.
1206 2495 1256 2556 47.
1272 2495 1359 2560 Nam

239 2596 513 2676 anapaestioorum
533 2613 685 2678 versuum
708 2595 1019 2676 prosodiacaeleges
1037 2616 1056 2658 a
1076 2596 1201 2676 vulgari
1221 2617 1281 2659 usu
1297 2609 1360 2661 eta

239 2724 315 2768 vero
339 2701 565 2783 pronuntiandi
588 2703 683 2768 modo
709 2703 801 2782 plane
831 2702 997 2766 dissentire
1021 2723 1083 2766 non
1105 2703 1265 2767 videntur.
1291 2707 1360 2768 Nec

240 2811 370 2874 omnino
394 2811 508 2872 desunt
533 2811 567 2871 in
591 2810 703 2876 ceteris
729 2809 836 2872 Plauti
859 2811 1004 2872 versibus
1019 2811 1124 2900 cretici
1142 2831 1197 2891 pro
1212 2811 1359 2891 spondeis

241 2917 347 3000 positi.
368 2916 458 2983 ·Nam
481 2917 514 2979 in
534 2917 680 2980 iambicis
701 2936 828 2996 quoque
846 2917 1078 2998 trochaicisque
1096 2919 1239 2982 versibus
1254 2919 1360 2995 nescio

240 3026 697 3106 cumsynizesinonnunqnam
712 3024 885 3100 invenitur,
902 3039 932 3087 et
942 3044 1033 3106 saepe
1049 3022 1155 3088 finalis
1172 3028 1294 3106 syllaba
1307 3047 1359 3090 vo-

237 3127 316 3197 cum
343 3133 536 3204 inderetur
564 3132 783 3212 similiumque
810 3143 840 3194 et
868 3133 975 3194 media
997 3131 1158 3198 interdum
1173 3133 1360 3198 ereticorum

242 3243 365 3322 syllaba
389 3243 498 3322 quales
521 3250 596 3301 sunt
622 3237 778 3301 neminem
805 3239 914 3318 (Poen.
940 3244 1029 3316 1348,
1056 3243 1088 3305 in
1104 3243 1220 3306 senarii
1243 3243 1359 3323 initio),

243 3347 381 3410 alterum
404 3349 507 3428 lCapt.
533 3347 563 3418 8,
587 3348 621 3413 in
642 3347 757 3410 senarii
772 3345 887 3426 initio),
904 3349 1010 3411 enicas
1022 3348 1118 3428 (Rud.
1134 3353 1204 3423 944,
1222 3355 1254 3416 in
1271 3354 1362 3418 initio

242 3449 372 3512 iambici
385 3447 534 3527 dimetri),
548 3449 681 3530 perdidi
696 3450 828 3527 (Bacch.
840 3451 911 3526 624,
929 3453 961 3514 in
973 3453 1063 3516 initio
1073 3454 1201 3518 iambici
1212 3455 1360 3537 dimetri),

243 3577 416 3638 syncopam
445 3558 574 3639 patitur.
607 3559 669 3622 Sed
694 3557 764 3620 ideo
792 3579 868 3621 sane
890 3562 1120 3640 frequentiores
1145 3565 1265 3627 suntin
1286 3585 1362 3629 ana-

244 3667 359 3748 paestis
378 3667 452 3730 talis
476 3667 631 3748 synizesis
654 3677 684 3730 ct
705 3685 846 3749 syncopa
869 3671 955 3748 quod
976 3669 1019 3732 ita
1034 3672 1256 3751 pronuntiatae
1270 3693 1363 3752 quae-

243 3778 317 3838 dam
336 3793 429 3836 voces
445 3775 496 3836 vel
520 3793 636 3837 vocum
655 3775 822 3850 juncturae
843 3774 876 3836 in
891 3778 1230 3856 anapaestioosversus
1246 3781 1363 3844 intrare

246 3892 391 3965 poterant
404 3900 485 3962 quae
500 3881 592 3944 aliter
606 3881 765 3944 admissae
780 3902 844 3946 non
858 3893 973 3947 essent.
1033 3965 1035 3972 y

305 4133 323 4216 ἓ
337 4138 367 4199 5.
384 4138 481 4199 -De
494 4157 616 4218 paeone
630 4141 747 4219 quarto
762 4135 872 4217 ‘ooo-J
886 4159 947 4218 pro
963 4159 1025 4202 uno
1035 4141 1116 4222 pede
1127 4144 1173 4204 rel
1182 4099 1305 4209 duobus

640 4241 851 4323 semipedibus
867 4242 982 4323 posito.

289 4419 359 4479 Hae
371 4436 463 4480 voces
480 4438 629 4497 paeonem
647 4431 794 4499 quartum
811 4420 981 4484 efficientes
993 4442 1050 4503 pro
1061 4441 1125 4486 uno
1142 4428 1275 4505 pedevel
1291 4430 1365 4492 duo-

246 4525 306 4586 bus
335 4523 549 4606 semipedibus
562 4538 743 4606 ponuntur:
763 4527 947 4590 maritumis
963 4529 1042 4592 Cist.
1060 4533 1207 4606 aar-222,
1220 4535 1252 4596 in
1264 4538 1367 4618 primo

248 4632 416 4712 septenarii
447 4633 535 4711 pede,
562 4633 745 4696 memineris
767 4635 867 4698 Stich.
889 4639 939 4707 42,
952 4636 986 4698 in
1003 4641 1140 4702 secundo
1155 4643 1307 4722 tertioque
1320 4646 1367 4706 di-

246 4734 338 4797 metri
364 4736 455 4816 pede‚
480 4733 614 4796 redierit
637 4739 726 4800 Pers.
747 4739 818 4812 787,
838 4739 871 4799 in
892 4739 980 4800 tertio
995 4742 1145 4804 octonarii
1160 4745 1250 4825 pede,
1267 4749 1369 4831 sequi-

249 4835 328 4898 mini
344 4840 461 4900 Bacch.
480 4839 570 4912 1205,
588 4838 620 4898 in
632 4841 771 4902 secundo
788 4841 939 4922 tertioque
954 4845 1121 4922 septenarii
1137 4849 1226 4927 pede.

1292 4976 1307 5025 6
