3450 5630
417 699 476 760 268
752 717 792 759 ns
814 717 980 764 nanninus
995 711 1202 761 'asapansns

458 867 497 928 G.
515 864 680 944 Dactyliea
694 881 765 938 vox,
783 864 874 942 cujus
890 863 1005 928 ultima
1020 865 1143 946 syllaba
1157 865 1389 945 synaloepham
1404 866 1530 948 patitur,

315 973 317 977 ’
418 993 492 1062 cum
507 971 688 1055 principiali
706 973 925 1071 polysyllabae
939 971 1027 1036 vocis
1043 975 1166 1055 syllaba
1179 975 1297 1052 iuncta,
1315 994 1370 1056 pro
1386 985 1533 1055 quattuor

418 1081 515 1144 moris
528 1080 656 1163 ponitur
670 1102 677 1140 :
692 1079 844 1161 dfferam
860 1087 935 1143 ante
949 1083 1023 1144 Aul.
1040 1083 1112 1144 446.

830 1258 892 1340 §3-
910 1296 947 1305 -
964 1263 1014 1324 De
1032 1262 1122 1324 biatu

462 1423 682 1501 Monosyllaba
707 1421 741 1484 in
765 1421 853 1484 hiatu
875 1397 1042 1502 coi-ripitur
1068 1444 1074 1477 :
1100 1422 1133 1484 in
1158 1423 1260 1504 prima
1280 1425 1360 1486 thesi
1380 1445 1442 1506 qno
1467 1425 1534 1500 abis

419 1525 494 1586 Aul.
510 1528 580 1595 444,
596 1524 629 1588 in
644 1525 784 1588 secunda
799 1523 880 1586 thesi
900 1523 930 1585 si
948 1525 1076 1588 adesses
1092 1527 1167 1587 Aul.
1183 1527 1253 1588 439.

620 1715 678 1792 34.
699 1750 737 1759 -
759 1718 809 1778 De
836 1716 987 1795 rhythmo
998 1671 1037 1775 'in
1056 1715 1182 1778 vocibus
1199 1715 1338 1794 sinpulis

462 1870 625 1951 Dactylina
648 1889 709 1958 vox
733 1869 831 1931 ictum
853 1869 885 1929 in
908 1867 1089 1949 principiali
1105 1869 1228 1950 syllaba
1241 1867 1355 1948 ancipit
1379 1891 1386 1929 ε
1407 1843 1537 1948 poscere

421 1980 494 2040 Aul.
512 1977 581 2050 160,
597 1997 728 2038 noscere
748 1980 821 2040 Aul.
843 1979 913 2038 441.

462 2070 580 2146 Brsves
598 2084 693 2147 unius
708 2087 914 2163 ejusdemque
928 2083 1008 2146 arsis
1024 2085 1072 2146 vel
1090 2082 1187 2146 thesis
1202 2101 1241 2144 ex
1262 2081 1376 2146 ultima
1393 2081 1532 2162 alicujus

421 2187 506 2250 vocis
526 2189 698 2269 syllabast
719 2187 896 2268 principiali
918 2185 1048 2248 alterius
1070 2196 1215 2250 constant
1240 2209 1246 2246 z
1276 2187 1360 2248 slllbs
1381 2187 1534 2248 elnaedns

421 2295 494 2355 Aul.
516 2295 586 2374 422,
611 2293 696 2354 sciri}
715 2294 785 2352 ldce
802 2291 876 2354 Aul.
902 2291 972 2359 425,
999 2290 1088 2351 3άίοᾶ
1110 2293 1223 2363 littura
1243 2291 1318 2352 Aul.
1344 2291 1414 2363 432,
1437 2289 1536 2350 mallei

423 2394 491 2454 nolo
509 2392 611 2455 Stich.
632 2393 651 2453 7
668 2393 700 2454 b.
