3542 5624
442 649 482 715 76
770 671 810 714 nn
831 669 998 714 saturnus
1020 667 1217 720 anaunasrrs

472 817 509 876 ln
524 813 634 895 quinto
652 815 743 894 pede:
765 779 892 894 iulepco
908 811 1149 875 ecet·ciluPcrs.
1167 813 1227 873 754
1250 808 1347 889 (oct).

476 921 511 981 ln
527 930 612 984 sexto
626 918 821 998 septimoque
837 919 928 997 pede:
942 936 1088 998 pessume
1098 923 1232 978 ornatus
1245 918 1319 978 Aul.
1333 917 1391 976 721
1409 912 1507 994 (oct).

433 1145 474 1205 N.
500 1145 550 1205 De
568 1144 695 1205 creticis
715 1143 841 1205 oocilus
868 1163 1005 1225 quartem
1028 1141 1140 1202 ultima
1168 1141 1294 1220 spllaba
1319 1142 1551 1224 synaloepham

470 1248 593 1329 patitur·
628 1269 700 1310 cum
728 1246 915 1327 principiali
940 1245 1160 1327 polysyllabae
1188 1243 1272 1306 uocis
1294 1250 1413 1306 ualura
1452 1245 1550 1325 loupa

469 1362 603 1434 junctis.

473 1556 508 1614 lu
527 1551 628 1631 primo
641 1551 844 1628 secundoque
858 1549 951 1628 pedo:
959 1547 1096 1629 piscium
1105 1543 1209 1608 'ullam
1220 1543 1443 1609 nudata-914
1455 1543 1551 1624 (oct).

435 1661 534 1724 Plane
548 1673 668 1722 certum
694 1672 741 1722 est
757 1663 816 1720 hoc
838 1659 1030 1738 exemplum,
1059 1677 1134 1720 narn
1156 1675 1256 1736 neque
1285 1657 1433 1727 Bothius.
1451 1677 1553 1737 neque

409 1762 621 1840 'Muellerus
651 1767 763 1826 Plaul.
789 1767 887 1840 Pron,
906 1784 935 1844 p.
953 1765 1021 1835 325,
1040 1783 1141 1842 neque
1166 1763 1366 1844 SpongeHus,
1391 1766 1551 1842 Reform.¹

437 1895 466 1956 p.
491 1876 562 1944 412,
596 1893 700 1954 neque
734 1873 924 1940 Schoellius‚
959 1891 1058 1951 nequo
1093 1871 1403 1940 Sonnensoheinius,
1451 1891 1554 1951 neque

433 1982 581 2046 Goetzius
596 1982 779 2045 Schoellius
794 1983 871 2042 hacc
886 1981 981 2042 verba
994 1981 1107 2062 corrigi
1124 1999 1217 2061 posse
1231 1979 1434 2044 crediderunt
1451 1999 1554 2062 neque

432 2091 738 2170 dubitaveruntquin
756 2091 807 2153 hic
821 2109 932 2154 versus
942 2092 1162 2170 anapaesticus
1192 2093 1374 2156 octonarius
1390 2103 1486 2154 esset.

476 2431 570 2488 Nunc
602 2446 675 2506 ergo
715 2421 854 2487 collectis
895 2425 1053 2496 omnibus
1098 2433 1134 2486 ut
1171 2426 1305 2497 videtur,
1329 2426 1483 2506 exemplis
1521 2429 1555 2489 in

435 2535 550 2615 quibus
582 2535 714 2597 creticus
734 2554 799 2619 pro
827 2553 889 2595 uno
919 2535 995 2614 pede
1028 2537 1078 2596 vel
1108 2535 1231 2595 duobus
1264 2535 1480 2616 semipedibus
1520 2535 1555 2598 in

444 2642 601 2704 continuis
626 2642 819 2722 septenariis,
844 2641 1013 2704 octonariis
1039 2642 1243 2721 dimetrisque
1271 2644 1409 2724 ponitur,
1438 2662 1554 2724 expen-

435 2749 1554 2829 damusquacnamexallatiscausisoptimecumunivcrsisconveniat.

435 2858 520 2918 Nam
544 2876 617 2919 cum
645 2859 723 2919 haec
750 2858 857 2919 omnia
879 2858 1016 2935 quadam
1046 2856 1277 2918 necessitudine
1310 2867 1340 2920 et
1367 2859 1555 2937 cognatione

433 2959 514 3022 inter
527 2978 560 3020 se
573 2961 754 3039 jungantur,
780 2978 842 3022 non
867 2961 930 3022 alia
943 2959 1033 3022 aliter
1046 2962 1244 3040 explananda
1258 2971 1342 3022 sunt.

478 3065 584 3127 Primo
610 3067 809 3146 inquiramus
834 3087 922 3138 num,
946 3077 979 3128 ut
1010 3068 1092 3129 Lud.
1130 3069 1271 3128 Havetus
1296 3079 1403 3130 censet
1427 3067 1552 3146 (Meta,

435 3171 535 3251 quint.
558 3173 646 3250 edit„
675 3170 791 3250 5185),
817 3191 903 3234 mera
930 3173 1057 3234 licentia
1085 3172 1125 3233 sit
1139 3183 1170 3233 et
1198 3172 1344 3234 matricae
1374 3171 1553 3236 necessitati

436 3282 540 3342 solum
569 3279 772 3342 tribuendum
797 3281 823 3341 si
856 3280 890 3341 in
920 3279 1129 3360 anapaesticis
1155 3280 1297 3341 versibus
1322 3281 1456 3342 creticus
1495 3299 1554 3362 pro

437 3408 500 3451 uno
524 3391 602 3470 pede
636 3390 684 3450 vel
700 3389 823 3450 duobus
858 3389 1071 3470 semipedibus
1102 3397 1246 3467 ponatur.
1282 3389 1425 3451 Havetus
1467 3388 1555 3451 enim

438 3516 538 3575 neque
552 3501 732 3560 alterutram
749 3497 853 3559 cretici
870 3500 998 3577 longam
1014 3499 1108 3576 plane
1129 3496 1255 3577 corripi,
1289 3516 1391 3578 neque
1415 3498 1556 3560 mediam

437 3607 562 3667 brevem
582 3607 646 3666 ullo
671 3605 762 3666 modo
782 3604 937 3685 supprimi
951 3615 1049 3686 putat,
1068 3606 1122 3667 sed
1150 3625 1224 3667 cum
1253 3605 1384 3668 creticae
1405 3625 1498 3669 voces
1523 3606 1557 3666 in

438 3711 653 3791 anapaestioos
664 3731 772 3772 versus
784 3711 899 3773 intrare
915 3731 969 3793 per
977 3730 1009 3772 se
1024 3729 1085 3774 non
1096 3724 1231 3792 possent,
1240 3714 1390 3774 Plautum
1400 3712 1557 3775 maluisse

436 3819 671 3898 anapaesticum
696 3837 862 3880 numerum
884 3820 1059 3882 adulterare
1082 3830 1112 3881 at
1132 3822 1315 3881 trochaeum
1345 3839 1401 3900 pro
1430 3822 1556 3882 duabus

443 3924 588 3986 brevibus
604 3926 768 3988 admittere
783 3946 879 4004 quam
911 3930 987 3988 tales
1007 3946 1099 3988 voces
1123 3929 1162 3988 ab
1178 3926 1356 4008 anapaestis
1377 3927 1555 3989 excludere.

483 4033 665 4093 Nonnullae
679 4033 806 4111 quidem
823 4051 914 4095 voces
934 4033 967 4094 in
993 4033 1169 4112 anapaestis
1196 4033 1318 4095 admitti
1344 4053 1406 4095 non
1425 4043 1558 4115 possunt

444 4131 505 4192 nisi
528 4135 748 4210 anapaesticus
772 4154 923 4196 numerus
945 4136 1135 4196 adulteratur
1160 4146 1215 4197 aut
1239 4137 1324 4215 ipsae
1340 4135 1557 4216 aliquomodo

443 4235 689 4297 imminuuntur.
712 4239 802 4298 Tales
820 4251 894 4298 sunt
912 4237 1058 4311 atliuent,
1071 4239 1249 4302 consulunt.
1263 4246 1434 4319 apparunt,
1451 4237 1555 4317 filios,
1631 4234 1634 4240 ¹

441 4347 611 4422 seplumus,
622 4344 744 4410 celeris,
758 4346 940 4426 obsequens,
950 4347 1206 4426 perditissumus‚
1217 4348 1399 4429 similiaque
1414 4352 1559 4428 exempla

442 4447 650 4526 quadraginta
677 4451 738 4508 duo
766 4469 862 4528 supra
877 4447 927 4524 (A,
946 4453 984 4518 B,
1004 4453 1041 4518 D,
1063 4453 1100 4518 E)
1118 4464 1353 4514 enumerantur.
1382 4441 1446 4517 Sed
1470 4457 1560 4533 plura

443 4545 647 4609 inveniuntur
661 4567 740 4625 quac
756 4551 900 4612 metricae
918 4552 1094 4613 necessitati
1116 4553 1210 4614 tribui
1227 4573 1289 4614 non
1306 4567 1451 4634 possunt.
1473 4559 1559 4618 Nam

440 4653 611 4733 dactylicas
627 4672 717 4716 vocas
741 4655 898 4734 luppiter,
919 4658 1048 4738 appetit,
1065 4658 1206 4737 ducitur,
1221 4661 1402 4739 conprimit,
1426 4663 1557 4733 labitur,

443 4762 564 4825 utimur
588 4781 665 4842 quas
693 4765 823 4825 Plautus
838 4765 869 4826 in
885 4765 961 4828 locis
978 4785 1072 4845 supra
1082 4767 1214 4846 signatis
1227 4766 1278 4846 (Α)
1295 4779 1367 4834 ante
1382 4788 1558 4834 consonan-
