3542 5624
724 1247 1038 1338 PRAEFATIO

369 1697 409 1765 Si
429 1699 507 1784 quis
524 1699 768 1768 plautinorum
785 1708 1051 1788 anapaestorum
1068 1701 1290 1788 prosodiacas
1310 1705 1345 1768 et
1365 1722 1440 1768 me-

322 1811 426 1878 tricas
449 1810 541 1900 leges
565 1813 664 1880 firmo
688 1813 918 1882 fundamento
945 1814 1167 1881 stabiliturus
1194 1822 1258 1892 est,
1291 1813 1440 1882 certiora

321 1923 512 2012 exemplaa
527 1926 643 1993 dubiis
658 1928 772 2014 primo
787 1933 947 1994 secernat
956 1948 1097 1995 necesse
1113 1935 1176 1994 est.
1195 1929 1286 1994 Nam
1303 1929 1440 1994 nullum

321 2036 417 2104 aliud
437 2043 587 2105 metrum
604 2039 647 2105 ab
667 2040 745 2106 aliis
760 2041 954 2108 editoribus
969 2041 1120 2128 parcius,
1138 2033 1182 2106 ab
1198 2040 1275 2107 aliis
1294 2039 1440 2108 liberius

320 2152 413 2236 apud
430 2151 596 2220 Plautum
611 2153 804 2220 admissum
820 2159 882 2220 est.
903 2153 1119 2220 Ritschelius
1139 2153 1247 2230 enim,
1265 2172 1344 2218 cum
1365 2171 1440 2238 pro·

322 2265 477 2334 sodiacas
492 2287 633 2336 normas
648 2269 787 2336 easdem
803 2268 839 2336 in
861 2270 1057 2356 anapaestis
1073 2289 1161 2347 esse,
1184 2289 1273 2355 quae
1291 2269 1326 2334 in
1346 2275 1440 2334 cete-

215 2440 218 2447 ]
322 2383 370 2450 ris
389 2385 558 2462 numeris,
577 2388 804 2454 contenderet
827 2407 902 2462 nec,
926 2387 1022 2454 verbi
1044 2387 1170 2476 gratia,
1188 2388 1356 2453 creticum
1376 2407 1440 2473 pro

322 2499 543 2586 anapaestico
560 2501 646 2585 pede
662 2501 743 2587 poni
763 2521 864 2588 posse
879 2506 1050 2580 censeret,
1069 2501 1105 2566 in
1118 2499 1341 2587 paucissimis
1359 2519 1441 2564 ver-

323 2615 418 2682 sibus
445 2617 701 2705 anapaesticam
730 2638 930 2684 mensuram
961 2617 1156 2704 legitimam
1186 2637 1260 2683 esse
1291 2615 1442 2682 ducebat

322 2732 521 2820 multosque
551 2735 726 2821 corrigere
760 2733 913 2802 malebat
941 2742 980 2800 ut
1002 2736 1106 2800 aliter
1135 2734 1337 2800 metiretur.
1366 2731 1439 2798 Alii

320 2852 442 2913 contra
460 2849 694 2934 grammatici,
720 2850 810 2916 sicut
832 2849 870 2916 C.
895 2851 934 2916 F.
956 2850 1021 2916 W.
1046 2849 1251 2926 Muellerus
1279 2848 1436 2934 proprias
1511 2901 1514 2906 .

319 2961 478 3030 licentias
498 2964 719 3052 anapaestico
738 2986 884 3031 numero
899 2985 1080 3032 concessas
1100 2987 1175 3032 esse
1199 2970 1374 3050 putantes,
1392 2965 1438 3031 ad

321 3093 397 3140 eam
418 3097 619 3143 mensuram
634 3098 674 3144 eo
691 3078 827 3164 saepius
843 3079 1078 3164 confugerunt
1097 3098 1168 3164 quo
1188 3075 1325 3143 facilius
1345 3078 1439 3164 justa

321 3203 397 3252 esse
412 3185 613 3254 videbatur.

366 3299 436 3366 Eos
450 3298 559 3386 igitur
573 3300 667 3366 locos
682 3300 836 3388 primum
851 3298 1016 3386 colligere
1035 3275 1070 3365 et
1085 3295 1309 3364 considerare
1325 3269 1438 3373 decet,

321 3415 358 3484 in
389 3417 517 3506 quibus
549 3419 788 3505 anapaesticos
817 3437 938 3483 versus
967 3413 1166 3488 continuari
1191 3417 1339 3481 constat.
1381 3410 1441 3478 Sic

321 3536 424 3604 Miles
440 3536 621 3604 Gloriosus
636 3537 834 3604 1011-1093
848 3537 1026 3623 octoginta
1045 3543 1116 3602 tres
1132 3530 1322 3622 septenarii
1338 3531 1440 3598 dein-

319 3631 402 3742 ceps
418 3655 659 3735 inveniuntur‚
677 3675 763 3741 quos
777 3675 881 3722 nemo
897 3673 1049 3739 unquam
1069 3654 1104 3718 in
1120 3651 1267 3717 dubium
1286 3650 1436 3716 vocavit.

321 3768 507 3856 Perpensis
523 3770 650 3836 talibus
675 3769 856 3855 exemplis
879 3789 967 3856 quae
992 3767 1141 3834 certiora
1168 3770 1264 3842 sunt,
1288 3784 1356 3830 non
1377 3765 1441 3830 du-

320 3885 504 3958 bitandum
527 3907 602 3954 esse
623 3888 806 3974 apparebit
826 3888 913 3972 quin
933 3886 969 3952 in
989 3885 1187 3972 anapaestis
1206 3883 1355 3952 creticus
1378 3903 1441 3968 pro

322 4023 389 4070 uno
412 4004 499 4090 pede
519 4006 575 4071 vel
596 4026 660 4092 pro
682 4005 818 4072 duobus
843 4003 1080 4089 semipedibus
1105 4023 1356 4089 nonnunquam
1375 4023 1441 4089 po-

320 4130 435 4204 natur,
458 4125 519 4192 sed
539 4135 655 4193 tamen
682 4127 788 4194 certis
812 4127 1023 4213 quibusdam
1048 4124 1180 4212 regulis
1200 4124 1441 4210 anapaesticos

320 4261 442 4310 versus
458 4243 620 4330 astringi,
643 4243 742 4309 verbi
762 4243 875 4331 gratia
891 4243 984 4329 quod
1002 4241 1046 4308 ad
1067 4260 1247 4306 caesuram
1263 4239 1355 4306 etad
1377 4261 1441 4305 vo-

320 4378 399 4426 cum
424 4361 605 4447 dactylum
638 4358 693 4425 vel
717 4354 1311 4446 proceleusmaticumefficientium
1339 4375 1440 4419 usum

321 4477 460 4543 attinet.

367 4597 560 4682 Postquam
580 4593 617 4660 in
633 4593 747 4681 prima
766 4594 994 4682 operis‘parte
1007 4590 1190 4658 continuos
1207 4588 1436 4677 septenarios,

322 4710 519 4778 octonarios
544 4711 783 4795 dimetrosque
807 4706 1083 4774 recensuerimus
1115 4710 1149 4771 et
1177 4723 1296 4770 eorum
1322 4722 1442 4788 prosa-

328 4827 443 4894 diacas
464 4826 696 4911 metricasque
726 4825 820 4912 leges
847 4822 1127 4900 tractaverimus
1157 4826 1231 4887 tum
1252 4820 1295 4884 ad
1319 4837 1442 4905 paroe-
