3446 5626
728 625 768 667 DE
790 625 957 668 PLAUTlNlS
978 625 1177 669 ANAPAESTIS

811 847 829 930 ἓ
846 850 877 913 8.
898 851 998 913 -Dc
1011 851 1137 931 afinali

623 1036 649 1094 1.
670 1034 720 1095 De
731 1053 746 1095 s
752 1032 853 1112 finali
866 1039 941 1096 ante
953 1039 1182 1098 consonantem
1189 1037 1297 1118 posito

431 1232 528 1302 Modo
548 1241 671 1319 syllaba
698 1239 832 1302 breviss
860 1238 965 1302 littera
994 1240 1162 1302 terminata
1188 1252 1261 1304 ante
1283 1250 1509 1304 consonantem

391 1338 545 1420 positione
559 1338 755 1419 producitur,
772 1341 867 1401 modo
880 1338 984 1400 brevis
999 1339 1202 1418 relinquitur.

432 1445 521 1507 Haec
535 1443 706 1524 productae
730 1445 833 1506 brevis
862 1446 1010 1524 exempla
1032 1445 1064 1505 in
1086 1438 1297 1524 anapaesticis
1319 1461 1416 1523 supra
1441 1444 1504 1505 ool·
1542 1523 1545 1530 y

391 1551 483 1615 lectis
498 1551 643 1626 versibus
658 1550 876 1624 inveniuntur,
904 1550 1031 1612 omissis
1055 1551 1095 1612 iis
1111 1551 1143 1612 in
1159 1551 1275 1630 quibus
1291 1560 1360 1631 post
1379 1547 1506 1612 finalem

391 1669 523 1714 caesura
533 1659 581 1711 est
597 1671 603 1713 ε,

432 1761 469 1819 ln
484 1757 563 1819 thesi
579 1757 706 1837 prima:
724 1756 814 1817 iamt
836 1757 958 1818 Bacch.
979 1755 1057 1819 1093
1073 1755 1180 1834 (ocu).

431 1858 467 1916 ln
478 1856 542 1917 arsi
558 1855 681 1935 prima:
707 1875 781 1916 nam
805 1861 834 1916 et
858 1856 944 1917 intus
959 1875 1056 1937 paceo
1072 1855 1152 1918 Cist.
1174 1855 1234 1916 688
1249 1876 1279 1929 a,
1292 1851 1409 1932 (dim),
1432 1852 1508 1935 quid

391 1964 465 2042 acis
479 1963 567 2022 oateo
579 1963 674 2024 Truc.
690 1963 748 2024 126
764 1959 889 2038 (din).

435 2073 472 2132 ln
485 2069 568 2131 thesi
579 2071 720 2132 secunda
737 2091 744 2129 :
758 2069 827 2129 r'bua
839 2087 969 2148 patanae
983 2068 1078 2129 Truc.
1096 2069 1156 2129 110
1170 2066 1246 2146 (oct.
1256 2065 1279 2141 l.

435 2179 472 2238 ln
488 2176 551 2238 arsi
566 2178 705 2238 secunda
721 2199 728 2238 :
747 2175 892 2236 manibus
903 2175 989 2236 tenui
1002 2175 1081 2236 Cist.
1095 2175 1155 2238 675
1170 2173 1286 2254 (sept),
1300 2175 1412 2248 ocutus
1426 2193 1508 2236 meon

397 2288 484 2348 Pers.
498 2285 558 2346 765
572 2280 673 2360 (oct),
702 2281 825 2344 amicus
841 2302 879 2342 ne
890 2282 978 2343 Trin.
995 2282 1054 2344 267
1066 2279 1186 2358 (dim).

435 2385 470 2442 ln
484 2380 564 2442 thesi
579 2381 670 2448 tertia
686 2403 693 2442 ε
711 2379 824 2440 ridetis
844 2378 916 2440 ndei
930 2381 1008 2442 Aul.
1034 2380 1096 2442 718
1117 2377 1216 2458 loeti,
1247 2385 1343 2442 natus
1361 2400 1433 2441 sum
1454 2380 1508 2457 tao

397 2489 469 2550 Mil.
487 2488 577 2564 1082,
592 2488 682 2550 scitis
697 2487 818 2549 miesco
848 2488 967 2549 Pseud.
1002 2487 1061 2550 179
1081 2485 1179 2566 (oct.)‚
1210 2487 1324 2548 melius
1339 2488 1510 2566 staturum

396 2595 497 2656 Stich.
510 2595 549 2654 22
562 2591 680 2671 (dimi.

436 2700 545 2762 lnarsi
561 2699 651 2762 tertia
668 2722 677 2761 ;
698 2698 865 2781 utrubique
880 2701 981 2759 metris
996 2719 1045 2760 me
1058 2699 1164 2778 ayitat
1179 2697 1258 2761 cist.
1284 2699 1344 2762 688
1360 2701 1379 2761 b
1394 2696 1509 2777 (dimi,

396 2796 576 2860 Mercurius
587 2796 702 2875 perdat
718 2798 792 2860 Cas.
805 2797 864 2858 238
880 2795 974 2877 (sept.
983 2794 1008 2871 l.

331 2914 333 2920 ·
439 2899 475 2982 ln
490 2895 552 2957 arsi
568 2895 699 2974 quinta:
716 2894 925 2977 dabimusque
939 2898 1029 2958 Pers.
1046 2897 1105 2958 847
1119 2895 1225 2972 (oct).
1261 2951 1265 2960 .

438 3005 474 3064 ln
489 2999 569 3062 thesi
583 3010 671 3062 sexta
687 3020 694 3059 :
710 2999 802 3060 ludos
814 2999 997 3078 bisfactum
1013 3002 1134 3062 Bacch.
1155 2999 1236 3063 1090
1250 2999 1350 3078 (σοι).

440 3112 476 3171 ln
492 3108 554 3172 arsi
567 3118 673 3171 sexta:
700 3107 924 3170 demdnstrctis
940 3109 996 3191 qui
1012 3110 1091 3171 Aul.
1121 3111 1183 3174 716
1211 3109 1326 3188 loeti·
1343 3111 1410 3190 ejus
1435 3109 1512 3171 dare

400 3214 509 3276 ludum
525 3215 642 3276 Bacch.
657 3213 737 3276 1083
760 3211 877 3294 (septi,
898 3212 1034 3294 pedibus
1058 3215 1196 3294 praeben
1213 3218 1303 3278 Pers.
1335 3217 1395 3278 792
1411 3212 1508 3292 (oct),

400 3343 475 3385 usus
483 3319 654 3401 praehiberi
671 3323 792 3384 Pseud.
814 3324 872 3383 182
888 3321 987 3400 (oct).

442 3441 477 3500 ln
492 3435 573 3500 thesi
590 3437 724 3517 septima
741 3456 747 3495 ε
765 3437 851 3500 intus
866 3440 990 3500 turbavi
1005 3441 1078 3504 Cas.
1092 3440 1154 3504 880
1169 3440 1265 3520 (oct).

441 3547 479 3608 ln
492 3543 554 3608 arsi
567 3542 700 3624 septime.
716 3559 723 3604 :
740 3542 769 3604 si
783 3545 854 3626 quis
870 3544 948 3605 cidit
964 3545 1043 3608 Cist.
1059 3546 1119 3609 678
1132 3544 1230 3624 (oct).

440 3643 537 3706 Nunc
552 3641 591 3704 ad
607 3661 644 3704 ea
656 3643 801 3722 exempla
827 3653 1026 3706 transeamus
1045 3643 1079 3706 in
1099 3646 1214 3723 quibus
1229 3641 1335 3706 finalis
1351 3639 1515 3708 brevis're·

400 3759 569 3838 linquitur.
603 3759 649 3820 Ac
676 3758 813 3837 primunr
829 3778 866 3822 ea
886 3759 1032 3838 colligere
1047 3763 1136 3824 decet
1161 3780 1242 3840 quae
1267 3761 1400 3823 certiora
1429 3770 1513 3822 sunt.

400 3867 485 3931 Nam
513 3866 545 3929 in
569 3865 698 3928 vocibus
722 3865 868 3928 iambicis
899 3868 1008 3946 quales
1038 3877 1113 3928 sunt
1128 3866 1244 3946 mayis,
1261 3867 1354 3940 satis,
1380 3869 1513 3931 dubium

400 3994 447 4048 est
461 3993 566 4046 utrum
580 3978 682 4044 finalis
714 3991 840 4064 propter
854 3981 991 4046 debilem
1006 4003 1022 4044 s
1037 3984 1159 4046 litterae
1174 3984 1462 4064 pronuntiationem
1475 4002 1513 4045 an

403 4097 528 4170 propter
542 4088 668 4150 brevem
684 4087 877 4150 breviantem
901 4086 1004 4148 brevis
1020 4087 1074 4149 sit.
1102 4091 1181 4150 ltenr
1204 4107 1297 4150 voces
1319 4092 1430 4168 quales
1445 4097 1515 4150 sunt

405 4187 557 4262 hostibus,
577 4185 785 4260 amatoribus,
802 4187 851 4250 vol
869 4205 923 4267 pro
938 4187 1102 4267 dactylicis
1118 4189 1150 4248 in
1166 4190 1370 4268 dactylumve
1396 4207 1513 4251 exeun-

402 4297 486 4360 tibus
502 4296 551 4356 vol
563 4313 618 4376 pro
633 4291 757 4358 creticis
784 4295 816 4356 in
832 4294 1027 4358 creticumve
1042 4298 1231 4359 exeuntibus
1247 4297 1356 4358 heberi
1373 4305 1511 4376 possunt.

408 4402 508 4466 Dubia
532 4420 659 4484 quoquc
688 4411 760 4464 sunt
774 4401 837 4466 alin
850 4403 1091 4481 exemplasicut
1107 4405 1177 4466 llil.
1197 4405 1274 4465 1083
1291 4403 1344 4466 ubi
1357 4407 1407 4466 vel
1426 4407 1516 4465 notata

398 4509 483 4586 foret
497 4509 544 4568 vel
562 4509 655 4568 natus
669 4503 762 4584 sdrbt
782 4505 884 4569 metiri
898 4507 1010 4586 possis.

438 4611 523 4674 llooo
546 4619 656 4674 contra
672 4607 803 4672 certiora
818 4621 913 4672 sunt:

437 4717 552 4782 Pseud.
568 4717 644 4778 1103
662 4715 870 4794 ntrodnsacit,
886 4715 918 4778 in
936 4713 998 4780 line
1012 4717 1180 4781 octonarii.
