3446 5626
414 677 454 739 82
748 694 788 736 oa
810 692 979 736 sosarnus
1001 691 1203 736 nascereris
1304 695 1306 700 ·

459 826 624 890 Satelliles
634 825 720 888 Trin.
733 828 792 890 833
805 827 837 888 in
852 826 965 916 quinto
979 826 1130 892 octonarii
1147 827 1235 905 pede,
1254 827 1394 888 secunda
1411 828 1533 906 syllaba

417 947 543 1018 propter
565 935 789 1016 principialem
811 936 938 996 brevem
958 943 1112 1015 correpta,
1129 935 1240 995 eodem
1256 934 1428 1014 modoque
1443 952 1534 996 voces

421 1065 575 1128 paeonem
588 1057 737 1128 quartum
753 1045 923 1108 efficientes
940 1054 1101 1108 tractatur.

459 1151 544 1211 Pers.
558 1151 617 1211 845
630 1147 702 1210 libri
717 1149 847 1210 habent:
860 1146 979 1208 Hicine
989 1145 1158 1208 Dordalus
1169 1153 1225 1216 est,
1236 1148 1320 1226 quod
1336 1162 1398 1209 non
1410 1165 1536 1210 necesse

417 1265 464 1318 est
486 1255 651 1335 corrigere.
668 1255 754 1316 Nam
770 1254 827 1316 etsi
845 1252 932 1313 hicio
956 1252 1123 1314 Dordalus
1138 1251 1415 1333 pronuntiabatur,
1432 1252 1536 1314 liciae

417 1361 512 1425 scribi
527 1372 657 1443 poterat,
678 1363 759 1424 sicut
773 1381 887 1424 vocum
903 1361 987 1434 inde,
1003 1381 1112 1443 nempe
1126 1382 1142 1423 e
1157 1359 1262 1424 finalis
1272 1363 1368 1426 etiam
1380 1373 1448 1434 tum
1460 1363 1535 1426 scri·

418 1469 501 1531 bitur
515 1489 589 1531 cum
608 1488 781 1549 syncopam
798 1469 937 1538 inversu
952 1469 1080 1548 patitur.

459 1580 537 1640 ltcm
567 1578 743 1640 vehiculum
762 1578 892 1657 arpenti
918 1580 1005 1640 Pers.
1034 1580 1108 1653 782,
1124 1580 1156 1641 in
1173 1581 1275 1660 primo
1290 1582 1443 1646 octonarii
1461 1585 1538 1664 pede

417 1704 490 1748 cum
510 1685 633 1746 nemine
642 1685 787 1766 accipiet,
798 1705 943 1766 pessume
953 1693 1087 1748 ornatas
1103 1689 1330 1751 conferendum
1345 1701 1402 1752 est.

458 1789 546 1850 Trin.
555 1789 614 1850 250
627 1785 727 1866 (dim.)
741 1790 826 1871 quod
840 1789 953 1850 ecbibil
965 1789 1048 1853 sicut
1062 1791 1216 1853 satellites
1227 1811 1282 1872 pro
1295 1811 1415 1872 paeone
1426 1804 1538 1873 quarto

419 1896 528 1958 haberi
544 1897 679 1959 videtur.
696 1897 744 1958 Cf.
765 1916 869 1977 supra,
886 1896 943 1976 §L
961 1901 986 1959 1.

460 2001 552 2072 Quod
572 2000 612 2061 de
634 1999 747 2062 cretico
761 2019 818 2082 pro
835 2002 972 2081 spondeo
986 2003 1087 2084 posito
1104 2005 1197 2065 modo
1224 2001 1345 2066 dictum
1373 2015 1432 2075 est,
1454 2004 1538 2067 idem

419 2109 503 2171 cadit
517 2107 550 2171 in
565 2127 716 2189 paeonem
731 2124 881 2190 quartum
893 2130 948 2192 pro
963 2124 1131 2194 anapaesto
1147 2113 1294 2194 positum.

421 2384 478 2457 56.
496 2417 534 2428 -
548 2385 598 2444 De
612 2403 735 2465 paeone
754 2384 859 2465 primo
877 2401 938 2462 pro
955 2403 1016 2444 uae
1031 2385 1110 2465 pede
1125 2385 1171 2446 cel
1189 2385 1310 2448 duobus
1330 2388 1541 2466 semipedibus

925 2489 1041 2569 posito.

461 2704 595 2766 Nullam
621 2721 772 2782 paeonem
796 2703 936 2781 primum
961 2699 1147 2764 efficientem
1171 2711 1201 2762 et
1225 2719 1280 2782 pro
1304 2720 1368 2763 uno
1393 2704 1470 2782 pede
1489 2704 1541 2766 vel

422 2812 546 2874 duobus
579 2809 793 2888 semipedibus
823 2809 956 2889 positam
989 2826 1098 2870 vocem
1126 2809 1212 2888 apud
1235 2811 1386 2870 Plautum
1416 2809 1537 2874 inveni.

422 2919 613 2980 Trochaicae
637 2929 743 2979 autem
770 2936 861 2978 voces
896 2917 947 2976 vel
981 2917 1115 2978 creticae
1140 2913 1375 2996 (dactylicaeve)
1402 2936 1542 2995 quarum

423 3025 536 3086 ultima
549 3026 672 3104 syllaba
680 3026 909 3106 synaloepham
925 3025 1053 3104 patitur,
1071 3043 1145 3086 cum
1160 3025 1285 3085 duabus
1297 3023 1541 3104 insequentibus

424 3133 571 3195 brevibus
588 3151 818 3214 nonnunquam
833 3135 1028 3212 junguntur:

465 3268 537 3330 Aul.
564 3269 635 3334 724,
660 3267 770 3328 scdulo
795 3275 918 3347 epomet
944 3264 989 3342 (in
1014 3266 1124 3344 quinto
1147 3267 1297 3328 octonarii
1320 3264 1418 3346 pede).
1438 3267 1540 3330 Sedlo

424 3392 492 3435 esse
508 3374 777 3453 pronuntiandum
791 3371 964 3453 Seyffertus
977 3370 1142 3442 intellexit,
1160 3372 1215 3432 sed
1229 3379 1334 3432 tamen
1346 3371 1457 3431 scdulo
1466 3371 1542 3433 scri·

425 3482 564 3542 bendum
580 3490 638 3544 est.

465 3587 553 3648 Trin.
571 3589 659 3655 1115,
672 3584 812 3644 omnium
836 3582 999 3644 hominum
1015 3581 1209 3660 (insecundo
1224 3583 1349 3646 dimetri
1366 3583 1468 3662 pede).
1486 3581 1545 3646 Sic

426 3692 515 3755 libris
539 3692 674 3754 ducibus
705 3690 939 3764 FleckeisenuS‚
966 3689 1166 3776 Spengelius,
1197 3689 1543 3752 Goetzius·Schoellius

426 3802 632 3880 scripserunt3
646 3818 703 3862 nec
718 3801 803 3862 vocis
818 3797 959 3858 omnium
972 3796 1075 3876 prima
1094 3797 1216 3874 syllaba
1230 3796 1333 3858 brevis
1348 3815 1417 3858 esse
1430 3805 1542 3875 potest,

426 3910 481 3972 sed
496 3909 649 3988 synicesis
665 3909 833 3972 statuenda
846 3920 903 3968 est.

469 4016 585 4078 Pseud.
606 4016 666 4078 236
689 4011 794 4096 (sept.)
815 4013 887 4075 libri
908 4015 1048 4076 habent:
1074 4012 1219 4081 Quonam
1232 4017 1325 4091 pacto
1344 4010 1543 4100 possimoin-

346 4159 348 4168 =
428 4142 498 4183 cere
513 4121 665 4194 animum,
677 4123 761 4200 quod
777 4139 840 4182 non
855 4120 963 4181 minus
978 4115 1102 4180 admitti
1118 4127 1218 4198 potest
1233 4135 1330 4196 quam
1342 4117 1442 4178 uisere
1457 4122 1544 4178 estne

427 4227 502 4290 Cist
519 4229 656 4292 227-228
669 4227 766 4306 (oct),
779 4229 829 4290 vel
843 4227 953 4288 sedulo
969 4230 1102 4306 epomel.
