3446 5626
422 673 480 734 132
752 693 792 736 nn
813 695 982 740 colurnus
1004 697 1204 740 anarnnsrrs

421 840 597 918 cripserunt
620 841 975 918 Goetziusschocllius,
998 843 1031 904 in
1057 843 1147 906 initio
1176 847 1397 926 anapaesticae
1419 850 1532 929 periodi

419 949 589 1010 collocatae
604 958 686 1019 sunt,
703 968 782 1028 quae
794 949 840 1011 sic
852 952 1026 1030 composita
1041 965 1102 1016 est:

579 1087 641 1176 740
652 1104 681 1158 a,
699 1085 718 1144 b
759 1085 906 1164 dipodiae
921 1087 1122 1151 catalecticae
1136 1091 1216 1152 duae

501 1189 665 1254 741743
757 1189 1020 1269 paroemiacitres

501 1299 640 1360 744-747
762 1297 895 1360 trimetri
910 1299 973 1360 duo

500 1409 638 1473 748-749
759 1409 951 1492 paroemiaoi
963 1422 1024 1474 tres

416 1518 533 1580 Confer
545 1536 650 1599 supra,
668 1516 685 1598 ξ
701 1522 729 1580 1.

455 1644 529 1708 Cas.
546 1647 605 1708 732
619 1663 647 1723 a,
658 1648 677 1708 b
689 1649 770 1710 duae
783 1646 930 1728 dipodiae
941 1648 1140 1711 catalecticae
1151 1667 1224 1710 eum
1237 1649 1366 1730 dipodia
1377 1671 1440 1714 una
1451 1651 1528 1732 (731)

412 1754 598 1833 junguntur.
621 1756 680 1836 Sic
700 1756 785 1818 enim
815 1758 1043 1821 Ambrosianus
1067 1768 1130 1822 tres
1152 1759 1326 1822 versiculos
1342 1763 1433 1823 habet
1452 1781 1529 1842 quos

414 1842 441 1921 B
462 1843 630 1924 contraxit.
644 1865 749 1945 Atque
766 1864 885 1926 mirum
901 1876 1054 1946 estquam
1069 1867 1222 1936 concinne
1236 1867 1336 1930 tribus
1363 1869 1529 1930 versiculis

412 1972 615 2056 aLysidamo
631 1972 724 2034 modo
740 1973 832 2034 dictis
843 1973 1067 2052 respondeant:

639 2097 732 2158 7233Ι
760 2096 764 2174 l
797 2094 884 2160 Dabo
899 2097 956 2159 tibi
989 2098 993 2174 Ι
1023 2095 1038 2176 Η

713 2205 731 2264 b
805 2205 872 2282 μέγα
887 2205 969 2260 κακόν

449 2314 509 2377 730
700 2311 754 2374 'Ut
767 2331 824 2391 ego
839 2309 961 2393 opinor,
983 2308 1044 2371 nisi
1057 2307 1188 2370 resistis
1215 2329 1220 2336 ·

450 2403 1533 2530 Nempetrochaicisdipodiiscatalccticisduabusl729a‚b)anapaes·¹

315 2630 318 2637 ¹
409 2556 490 2621 ticae
515 2556 660 2636 dipodiae
681 2553 881 2618 catalecticos
901 2553 1065 2632 duae(732
1081 2572 1109 2623 a,
1123 2551 1154 2631 b)
1176 2565 1207 2616 et
1220 2557 1380 2618 trochaico
1393 2557 1526 2618 dimetro

409 2659 492 2740 (730)
506 2659 708 2742 anapaestico
723 2659 852 2740 dipodia
875 2657 957 2739 (731)
970 2658 1080 2722 ordine
1095 2658 1220 2722 inverso
1235 2664 1409 2738 respondet.
1424 2663 1527 2724 Verba

407 2757 513 2824 autern
529 2760 639 2836 ὯΖεῦ,
657 2762 785 2842 quaein
811 2767 882 2823 Aet
906 2760 1054 2834 Bversui
1074 2763 1135 2826 730
1158 2765 1338 2836 adhaerent,
1363 2767 1418 2826 sed
1444 2765 1477 2828 in
1498 2769 1525 2826 A

408 2880 567 2938 seorsum,
591 2861 699 2925 relicto
726 2861 904 2936 intervallo,
935 2861 1053 2940 scripta
1079 2872 1163 2938 sunt,
1185 2874 1272 2924 extra
1298 2877 1437 2927 metrum
1458 2883 1526 2926 csse

408 2969 567 3031 videntur.
586 2969 702 3032 Confer
713 2967 797 3030 infra
809 2966 842 3029 in
859 2967 950 3030 tertia
960 2962 1162 3049 operis'partc
1178 2969 1250 3030 Cas.
1269 2968 1339 3031 210.
1357 2967 1522 3047 211(οο1.).

537 3163 550 3234 5
564 3159 594 3220 6.
618 3192 656 3202 -
676 3160 726 3222 Dc
741 3157 948 3238 dipodiorttm
963 3157 1227 3220 catabolicorum
1241 3158 1359 3232 formis

447 3345 583 3424 Dipodia
621 3344 863 3422 catalecticalex
891 3355 1061 3424 anapaesto
1089 3354 1120 3406 ct
1147 3345 1270 3421 syllaba
1296 3351 1417 3406 constat
1436 3344 1521 3418 (Cas

404 3455 505 3530 teca,
521 3457 580 3518 732
596 3454 703 3533 a),ch
726 3472 742 3514 e
765 3454 889 3532 dactylo
906 3466 936 3515 et
959 3450 1183 3534 syllaba-(Cas.
1207 3453 1268 3513 740
1283 3452 1325 3529 b),
1343 3453 1425 3514 vele
1449 3469 1522 3530 pro-

405 3565 627 3630 celeusmatico
653 3575 683 3626 et
700 3565 822 3644 syllaba
846 3564 933 3641 (Cas,
959 3566 1017 3626 732
1047 3562 1089 3642 b).
1113 3565 1254 3626 Fortuita
1275 3560 1358 3626 litut
1372 3563 1406 3626 in
1434 3565 1524 3625 nullo

404 3677 548 3756 exemplo
561 3693 577 3735 e
591 3673 728 3753 spondeo
741 3683 770 3735 et
783 3673 907 3751 syllaba
919 3681 1049 3734 constet.

709 3883 726 3964 ᾗ
747 3889 780 3948 7.
803 3920 838 3930 -
855 3888 903 3948 Dc
919 3887 1135 3966 tripodiarnm
1156 3910 1215 3969 usu

444 4045 526 4106 Cum
548 4045 819 4124 anapaestiotsori
825 4046 925 4126 podiis
944 4047 1135 4110 catalecticis
1150 4049 1338 4130 junguntur.
1361 4053 1435 4114 Cas.
1450 4055 1517 4120 161,

403 4156 472 4225 162,
491 4157 610 4216 Pseud.
633 4157 710 4216 1253
728 4157 756 4226 b,
775 4159 852 4218 1254
868 4177 896 4230 a,
911 4159 940 4217 b.

443 4263 528 4324 Naru
540 4264 614 4324 Cas,
630 4262 1009 4344 161,162anapaesticam
1021 4265 1188 4343 tripodiam
1198 4267 1518 4347 catalecticamllffi),

402 4380 580 4449 sequuntur
591 4367 808 4450 quacipcriodi
824 4373 1035 4434 antecedentis
1049 4373 1192 4436 clausula
1207 4385 1263 4436 cst.
1276 4376 1520 4456 Anapoesticam

401 4499 526 4562 quoque
538 4479 707 4559 tripodiam
731 4480 945 4541 catalecticarn
962 4480 1032 4558 (163
1047 4479 1076 4558 a)
1098 4485 1299 4545 antecedunt.
1318 4484 1363 4544 Dc
1377 4485 1519 4563 sequenti

401 4589 602 4670 anapaestica
624 4588 761 4670 tripodia
788 4608 861 4651 enm
883 4590 1006 4651 duabus
1033 4590 1176 4670 tripodiis
1197 4592 1387 4655 catalecticis
1409 4595 1520 4672 juncta

400 4698 473 4760 vide
494 4699 588 4774 inira,
606 4695 665 4778 §a
688 4699 771 4777 Ergo
783 4717 814 4762 v.
832 4699 987 4770 161,162,
1010 4719 1089 4778 quos
1111 4701 1292 4763 Schoellius
1310 4712 1341 4764 et
1354 4701 1518 4765 Goetzius·

401 4805 580 4870 Schoellius
603 4818 684 4867 recte
707 4817 940 4886 separaverunt,
966 4826 1040 4867 curn
1066 4805 1148 4871 inter
1170 4818 1359 4889 anapaestos
1374 4811 1516 4874 collocati
