3450 5630
626 725 666 766 nn
689 725 728 766 aa
750 725 893 768 nursica
1262 713 1322 774 249
1434 697 1436 700 ’

239 861 355 927 Pseud.
372 865 432 928 950
447 854 682 946 paroemiacum
700 877 729 929 et
743 887 792 929 an.
810 869 979 950 tripodiam
998 870 1216 934 catalecticam
1232 875 1321 934 nulla
1416 881 1428 896 “

197 973 368 1036 mutatione
386 978 478 1052 ¹lacta
501 977 649 1038 discrib0.
683 979 749 1039 Nec
784 980 881 1038 ullam
911 978 1137 1040 correctionem
1168 983 1321 1042 sententia

198 1077 307 1156 poscit.
443 1083 446 1088 '
906 1085 909 1092 ’

236 1190 321 1262 Rud.
337 1189 399 1248 218
413 1188 649 1270 paroemiaeum
678 1198 708 1251 et
737 1209 791 1251 an.
825 1189 993 1268 tripodiam
1015 1190 1227 1254 catalecticum
1251 1193 1322 1269 jure

198 1294 371 1375 dispescuit
387 1294 688 1356 Sonnenschcinius

238 1487 287 1546 11.
313 1483 561 1544 Paroemiaeam
592 1483 730 1571 iambica
759 1483 901 1564 tripudia
922 1483 1109 1546 catalectica
1130 1485 1276 1566 sequitur

238 1645 356 1721 Amph.
376 1645 513 1719 168,172
528 1645 742 1725 paroemiacos
760 1663 834 1704 curn
849 1642 994 1705 iambicis
1004 1643 1149 1730 tripediis
1163 1646 1321 1706 catalecti-

198 1752 244 1813 cis
261 1754 384 1831 junctos
399 1751 527 1832 agnovit
546 1752 734 1830 Seyffertus‚
756 1752 810 1832 qui
826 1754 864 1813 de
879 1752 1073 1830 hujusmetri
1088 1773 1148 1814 usu
1170 1752 1318 1815 Plautino

199 1877 260 1921 non
272 1859 558 1934 dubitandumesse
573 1857 743 1920 contendit.
756 1857 859 1936 Atque
874 1857 908 1918 hi
924 1876 1033 1919 versus
1049 1858 1130 1920 inter
1145 1877 1177 1920 se
1192 1877 1320 1939 respon-

199 1968 312 2030 dentet
322 1966 402 2030 iuter
413 1986 464 2029 eos
479 1977 539 2027 tres
555 1966 683 2028 iambici
698 1965 823 2028 dimetri
835 1985 908 2028 cnm
924 1963 1070 2027 iambicis
1082 1966 1226 2048 tripodiis
1238 1959 1320 2029 cata·

200 2073 318 2136 lecticis
333 2073 432 2152 juncti
444 2072 636 2134 inseruntur.
656 2071 829 2151 Bentleyus
844 2069 974 2148 quidem
986 2080 1016 2131 et
1032 2071 1192 2131 Cbristius
1208 2081 1237 2132 et
1256 2072 1320 2132 Ha·

202 2198 292 2249 vetus
303 2205 333 2246 v.
350 2185 408 2246 168
423 2193 453 2244 et
467 2185 524 2246 172
537 2201 600 2244 una
619 2202 693 2244 cum
710 2203 739 2242 v.
753 2182 883 2244 169-171
909 2181 1065 2242 sotadicus
1081 2178 1230 2244 iecerunt.
1256 2183 1321 2244 Sed
1423 2213 1425 2218 s

199 2315 232 2353 v.
261 2292 319 2355 169
332 2293 443 2353 adeost
458 2309 512 2369 pro
526 2290 642 2352 tradito
662 2289 754 2350 adest
770 2289 925 2350 sententia
941 2288 1050 2368 poscit,
1068 2308 1131 2368 quo
1142 2290 1320 2352 sotadieum
1421 2378 1424 2384 .

200 2410 336 2462 metrum
357 2399 550 2462 excluditur.
643 2465 647 2480 Ι

361 2576 378 2656 ἓ
391 2580 422 2639 8.
440 2612 476 2620 -
487 2578 537 2648 De
551 2575 754 2655 sinpalcrum
764 2577 1043 2656 paraemiaeoram
1043 2579 1168 2656 formis

238 2748 330 2816 Quod
344 2763 449 2824 supra,
463 2746 576 2825 pata,
594 2747 632 2806 de
647 2744 736 2805 Trin.
752 2745 812 2806 239
826 2766 845 2807 a
857 2745 1185 2828 Blandilaqueatatus
1199 2751 1319 2814 dictum
1386 2799 1392 2809 .

198 2862 254 2921 est,
267 2854 351 2915 idem
366 2851 451 2913 cadit
466 2851 498 2912 in
531 2851 628 2914 Poen.
658 2855 737 2914 1179
751 2872 770 2912 a
784 2844 930 2914 Arabiae
959 2856 1134 2918 marrinas.
1168 2860 1320 2937 Dactylus

200 2957 411 3019 marrianam
426 2956 563 3018 secundo
583 2956 661 3037 pede
679 2957 750 3018 ideo
763 2956 887 3019 admitti
903 2969 1004 3039 potest
1024 2961 1106 3038 qnod
1123 2961 1215 3039 primi
1232 2961 1320 3041 pedis

177 3099 179 3106 >
201 3072 281 3134 arsis
296 3056 438 3134 salvitur.
458 3072 578 3132 ldcirco
601 3070 819 3132 Palatinarum
838 3071 931 3134 lectio
954 3071 1101 3135 Arabicas
1115 3075 1317 3136 Ambrosiani

200 3179 472 3242 lectioneArabae
488 3179 588 3257 potior
601 3190 657 3241 est.

242 3289 357 3367 Supra,
383 3301 415 3360 p.
442 3289 511 3356 130,
537 3288 624 3354 adn,
651 3289 796 3364 exempla
822 3295 905 3347 certa
932 3287 1056 3366 signata
1080 3299 1183 3350 sunte
1203 3290 1338 3367 quibus·

202 3407 331 3476 apparet
363 3395 524 3456 Klotzinm
555 3392 709 3453 erravisse
738 3413 811 3454 cum
841 3396 1038 3456 contenderet
1073 3396 1098 3456 si
1130 3397 1318 3475 paroemiam

200 3505 417 3582 monosyllaba
438 3501 693 3572 terminarentur,
720 3501 844 3562 tertiam
870 3505 990 3564 thesem
1006 3525 1044 3567 ex
1061 3507 1153 3584 longa
1176 3515 1319 3565 constare

201 3627 264 3669 non
290 3608 439 3688 potuisse.
474 3607 561 3667 Haec
586 3606 730 3682 exempla
754 3607 897 3666 addenda
924 3617 1022 3668 sunt:
1051 3609 1169 3670 Bacch.
1202 3609 1318 3673 1168b,

203 3719 303 3782 Stich.
320 3719 370 3779 38.

504 3873 518 3951 ἓ
539 3874 568 3937 9.
587 3904 626 3914 -
661 3871 857 3952 Desiapalis
873 3875 1013 3956 dipodius

294 4121 299 4128 ⁴
342 4055 529 4136 altipeta
557 4078 627 4117 eam
642 4055 856 4136 anapaesticis
872 4055 1018 4116 dimetria
1033 4055 1184 4135 J'aapitar

239 4214 310 4272 Jam
327 4229 436 4290 supra,
453 4230 506 4290 pp.
523 4210 572 4278 98,
589 4211 659 4282 241,
676 4212 714 4271 dc
729 4209 928 4288 anapaestica
939 4208 1065 4288 dipodia
1080 4210 1320 4274 interdimetros

200 4321 248 4378 vel
264 4317 346 4377 inter
357 4315 529 4376 dimetrum
539 4324 570 4376 et
585 4315 820 4393 paraemiacum
836 4314 952 4374 inserte
967 4314 1157 4375 dictumest.

240 4423 265 4480 T
268 4420 328 4480 rin.
346 4417 406 4479 240
421 4437 440 4477 a
455 4429 484 4478 ct
498 4417 557 4478 248
582 4435 634 4477 an.
658 4416 787 4494 dipodia
813 4416 963 4476 dimetros
979 4414 1135 4476 antecedit
1160 4414 1320 4494 simulque

113 4571 116 4578 1
198 4541 231 4601 jn
243 4536 373 4602 utroque
385 4525 452 4584 lccc
468 4522 640 4584 iambicum
652 4523 822 4584 dimetrum
837 4520 989 4600 sequitur.
1013 4521 1067 4581 Sic
1079 4521 1175 4590 enim,
1194 4523 1318 4585 munita

199 4625 353 4694 librorum
373 4630 539 4700 memoria,
567 4630 711 4692 lllotzius
735 4651 765 4690 v.
783 4628 841 4691 239
859 4630 917 4688 bet
933 4627 992 4689 240
1013 4647 1031 4687 a
1050 4628 1213 4709 discripsit
1229 4631 1317 4690 simi-

199 4743 306 4821 lesque
325 4739 469 4802 versiculi
486 4740 574 4800 Trin.
591 4741 649 4800 247
666 4748 695 4799 ct
709 4739 767 4800 248
782 4736 993 4798 constituendi
1010 4737 1167 4796 videntur.
