3450 5630
415 671 476 738 236
749 691 790 736 nn
812 692 982 736 rnnurnns
1004 694 1202 738 snsrnnsrrs

458 822 573 888 Pseud.
592 825 668 889 1321
700 843 753 890 an.
772 826 968 911 septenarius
991 825 1249 892 tres-octonarios
1267 826 1433 894 antecedit
1454 829 1534 894 sicut

382 977 385 990 .
416 943 525 1014 postea
538 943 599 997 tres
613 935 806 1015 septenarios
820 934 1012 1015 (13251327)
1028 937 1209 1002 octonarius
1222 941 1374 1018 sequitur.

459 1043 579 1104 Pseud.
601 1043 679 1104 1315
707 1044 903 1124 septenarius
929 1045 1129 1109 octonarium
1151 1046 1306 1110 antecedit
1320 1066 1414 1126 quern
1429 1066 1532 1130 parce·

417 1145 511 1212 miaci
527 1159 715 1230 sequuntur.

457 1339 488 1400 3.
513 1321 723 1416 Septenarius
738 1358 810 1398 cum
834 1337 991 1414 dimetria,
1009 1337 1141 1401 oeieum
1150 1339 1379 1424 paroemiocis,
1404 1343 1451 1402 oet
1469 1361 1534 1404 cum

417 1439 584 1504 octonario
595 1441 863 1524 hyper-catalecto,
877 1443 924 1504 oet
938 1463 1008 1504 cum
1020 1443 1168 1510 trimetro
1190 1444 1377 1508 catalectico
1386 1445 1533 1526 junpitur

461 1623 579 1684 Bacch.
596 1622 674 1682 1173
696 1621 892 1701 septenarius
910 1621 1145 1704 paroemiacum
1159 1631 1190 1684 et
1211 1622 1382 1698 dimetrum
1399 1623 1535 1704 sequitur

419 1727 653 1820 dimetrumque
667 1728 832 1790 antecedit.
1175 1806 1179 1814 Ι
1499 1713 1502 1718 ¹

461 1837 585 1903 Bacch.
605 1840 684 1902 1199
703 1839 898 1920 septenarius
918 1839 1151 1920 paroemiacum
1165 1851 1195 1903 ct
1209 1839 1381 1902 dimetrum
1396 1841 1533 1920 sequitur

421 1945 718 2027 paroemiacumque
728 1943 893 2007 antecedit.

463 2053 579 2114 Pseud.
592 2052 652 2114 603
662 2051 858 2130 septenarius
874 2050 1070 2114 octonarium
1085 2049 1377 2132 hypercatalectum
1387 2050 1533 2130 sequitur.

460 2162 552 2224 Truc.
571 2163 628 2220 114
658 2158 870 2240 paroemiacos
897 2160 977 2220 duos
1004 2160 1155 2240 sequitur,
1172 2177 1251 2238 quus
1276 2157 1429 2220 octonarii
1452 2165 1533 2219 ante·

421 2266 552 2329 cedunt.

462 2367 542 2430 Cist.
558 2367 615 2429 671
637 2367 705 2430 sine
716 2366 813 2430 dubio
828 2369 1023 2452 septenarius
1041 2377 1089 2430 est
1102 2369 1157 2447 qui
1168 2385 1241 2430 cum
1252 2367 1393 2431 trimetro
1407 2367 1536 2430 catalec-

422 2473 581 2554 ticojungi
598 2471 731 2534 videtur.
749 2473 829 2535 Vide
845 2472 938 2534 infra.

625 2674 656 2732 4.
676 2668 884 2748 Septenos-ius
902 2690 974 2730 cum
989 2667 1170 2740 bacchiuois
1187 2668 1342 2751 jungitur

466 2855 551 2916 Rud.
568 2855 626 2918 198
641 2863 743 2916 certus
756 2862 803 2916 est
817 2852 1014 2934 septenarius
1026 2853 1081 2932 qui
1096 2872 1113 2915 e
1128 2852 1308 2915 bacchiacis
1321 2851 1365 2930 (et
1384 2849 1537 2926 iambicis)

423 2968 463 3030 ad
478 2966 607 3028 creticos
624 2966 665 3044 (et
678 2964 864 3040 trochaicus)
879 2965 1046 3027 transitum
1068 2963 1151 3026 tacit.

431 3110 434 3116 .
463 3068 556 3127 Truc.
579 3067 650 3140 714,
668 3067 755 3127 locus
771 3063 803 3125 in
819 3063 909 3126 libris
923 3073 1089 3142 corruptus
1104 3073 1150 3125 est
1164 3072 1194 3125 et
1206 3065 1247 3125 ab
1262 3062 1436 3124 editoribus
1452 3060 1536 3124 varie

424 3180 580 3252 correctus
606 3181 666 3234 est.
697 3173 782 3232 luter
802 3188 880 3248 quos
906 3168 1093 3249 Spengetius
1121 3170 1316 3232 trochaicum
1332 3169 1537 3240 ¹octonarium

321 3297 322 3303 ¹
425 3273 570 3343 restituit,
587 3273 702 3336 melius
718 3272 897 3336 Schoellius
912 3271 1149 3353 anapaesticum
1160 3271 1385 3350 septenarium,
1397 3270 1451 3352 qui
1466 3287 1537 3332 ana-

426 3381 563 3466 paestico
577 3379 736 3444 octonario
750 3389 834 3441 certo
852 3399 887 3440 v.
906 3379 963 3439 711
992 3376 1180 3458 respondere
1195 3375 1331 3452 videtur,
1348 3375 1431 3438 sicut
1448 3383 1536 3454 quat·

372 3571 376 3578 ⁴
424 3500 495 3552 tuor
509 3487 670 3552 bacchiaci
685 3489 818 3551 715-718
832 3487 956 3548 duobus
972 3485 1149 3549 bacchiacis
1164 3487 1311 3551 712-713.

656 3707 685 3764 5.
704 3703 912 3786 Septenarius
927 3724 998 3764 cum
1013 3701 1141 3764 creticis
1153 3702 1305 3782 strepitur
1353 3762 1357 3772 ,

470 3889 585 3950 Pseud.
604 3887 681 3950 1295
700 3904 751 3948 an.
769 3883 981 3966 septenarium
997 3886 1023 3945 Α
1038 3883 1118 3946 duce
1136 3881 1366 3945 constituerunt
1385 3879 1539 3954 Goctuius

430 4001 781 4075 Goetzius·Schoellius‚
795 4017 890 4080 quem
911 3998 1045 4060 creticus
1070 3996 1202 4058 dimeter
1220 4013 1294 4058 cum
1320 3993 1477 4058 trochaica
1490 3989 1541 4055 tri·

430 4111 523 4194 podia
536 4109 717 4174 catalectica
730 4109 893 4178 antecedit,
910 4106 1042 4169 creticus
1058 4117 1237 4170 tetrameter
1250 4105 1403 4184 sequitur.

589 4301 605 4380 ἓ
617 4305 646 4364 2.
660 4335 699 4345 ·-
712 4302 762 4363 De
775 4301 977 4380 sinpolcrum
996 4297 1253 4381 septenariorum
1267 4296 1384 4370 formis

473 4500 563 4570 Quod
583 4501 621 4560 de
638 4495 860 4560 continuorum
884 4494 1132 4574 septenariorum
1156 4492 1266 4556 termis
1289 4509 1387 4574 supra
1414 4485 1540 4570 tp.102)

433 4602 554 4667 dictum
580 4601 733 4674 est,idem
755 4599 789 4661 in
814 4599 956 4677 singulos
971 4598 1163 4678 septenarios
1188 4599 1282 4660 cadit.
1300 4597 1369 4658 Nec
1395 4597 1480 4659 ultus
1499 4601 1542 4655 est

433 4703 488 4786 qui
507 4704 648 4784 legitima
671 4721 801 4766 caesura
823 4712 934 4766 careat.
953 4704 1038 4764 Nam
1056 4704 1174 4766 Pseud.
1196 4701 1267 4766 593.
1280 4703 1350 4778 594,
1366 4701 1438 4772 603,
1455 4700 1540 4770 1121,

434 4815 519 4879 Rud.
535 4815 594 4878 962
608 4833 740 4877 caesura
751 4832 813 4877 non
824 4814 919 4884 deest,
940 4815 993 4876 sed
1008 4823 1132 4893 propter
1145 4814 1371 4893 synaloepham
1386 4814 1480 4874 latet.¹
