3450 5630
628 709 667 748 uu
689 707 730 748 nu
752 706 893 748 rrurntcn
1261 693 1319 754 257

201 839 401 919 παρατέλευτον
417 841 537 922 periodi
554 838 650 903 finem
665 829 878 923 praenuntiat.
904 843 1020 905 Confer
1038 845 1141 918 Klotz,
1161 846 1318 921 Grande,

201 972 233 1032 p.
251 951 310 1013 479
326 969 391 1028 seq.
992 963 994 968 ’
1142 955 1146 962 ’

188 1079 193 1087 ·
244 1056 350 1120 Simili
382 1054 500 1118 ratione
536 1055 567 1117 in
590 1054 679 1118 initio
701 1074 754 1117 an.
785 1058 965 1137 systematis
991 1058 1163 1120 collocatur
1189 1059 1322 1121 dimeter

204 1163 476 1242 hypercatalectus
494 1160 594 1223 Stich.
617 1163 666 1222 21.
685 1161 747 1233 Qui
772 1181 834 1223 nou
851 1161 954 1242 magis
973 1165 1145 1225 mutandus
1160 1173 1206 1224 est
1224 1183 1320 1242 quam
1352 1187 1356 1196 ·

206 1271 306 1334 Stich.
332 1274 371 1331 45
397 1269 593 1350 pentapodia.
617 1273 701 1332 Nam
721 1281 755 1331 ut
770 1271 823 1332 ille
845 1250 943 1334 rarior
968 1290 1077 1333 versus
1098 1272 1202 1334 ultimi
1222 1283 1322 1351 syste-

204 1374 299 1436 matis
312 1372 426 1452 (Stich.
439 1372 546 1450 39-471
561 1371 656 1436 linem
678 1373 889 1452 praenuntiat,
902 1373 945 1436 ita
961 1374 1013 1436 hio
1029 1374 1124 1455 primi
1139 1372 1179 1454 (v.
1199 1375 1318 1455 20-28)1

203 1481 332 1546 initium
354 1484 492 1564 quodam
518 1485 610 1545 modo
636 1483 789 1563 insignire
804 1484 938 1546 videtur.
963 1486 1067 1562 Atque
1092 1487 1152 1546 hoc
1180 1485 1321 1566 primum

203 1601 345 1670 systema
367 1601 397 1653 et
412 1591 562 1654 ultimum
583 1591 664 1652 inter
685 1609 718 1652 se
736 1593 936 1669 respondent,
951 1611 968 1652 e
983 1609 1097 1654 novem
1114 1593 1258 1654 versibus
1282 1593 1321 1654 si-

204 1696 321 1758 militer
333 1697 520 1759 constantia.
1057 1698 1064 1710 “

560 1864 694 1943 818--
719 1867 768 1928 De
791 1866 985 1946 pentapodiu

246 2026 475 2108 Anapaesticae
506 2027 711 2106 pentapodiae
740 2046 898 2108 perpauca
931 2029 1016 2106 apud
1052 2029 1201 2090 Plautum
1237 2028 1322 2091 inve·

205 2135 336 2196 niuntur
350 2139 507 2214 exempla,
523 2153 604 2214 quae
616 2146 723 2198 tamen
736 2154 798 2196 non
815 2135 985 2213 rejicienda
1000 2135 1155 2198 videntur.

264 2265 351 2326 Nam
368 2264 467 2328 Stich.
486 2265 525 2326 45

299 2384 300 2390 ’
366 2371 416 2432 Ne
432 2370 509 2449 quid
521 2371 625 2448 magis
641 2367 691 2438 sit,
710 2368 857 2430 omnibus
871 2367 984 2428 obnixe
997 2368 1109 2445 opibus

204 2490 300 2574 libris
315 2511 450 2574 ducibus
472 2510 675 2572 scribendum
694 2528 761 2572 esse
785 2509 1006 2571 intellexerunt
1028 2509 1321 2573 Goetzius-Schoel-

204 2616 279 2690 lius,
306 2617 360 2677 scd
386 2615 468 2677 ictus
491 2613 678 2682 omiserunt,
705 2613 790 2689 quod
809 2622 946 2674 metrum
970 2612 1119 2674 incertius
1135 2623 1225 2674 esset.
1252 2614 1322 2678 Non

203 2732 309 2785 tamen
338 2721 472 2784 dubium
496 2730 543 2782 est
563 2719 641 2798 quin
658 2719 754 2796 hujus
773 2738 894 2788 versus
916 2719 996 2780 iuter
1016 2731 1114 2782 certos
1137 2735 1322 2802 anapaestos

205 2822 360 2896 collocati,
375 2821 574 2902 anapaestica
588 2839 713 2900 quoquc
729 2819 769 2880 sit
783 2839 948 2894 mensura3
966 2838 1023 2882 nec
1040 2821 1227 2901 pentapodia
1245 2823 1322 2882 haec

205 2930 306 3010 magis
321 2931 474 2991 mutanda
484 2929 609 2990 videtur
619 2947 717 3008 quam
731 2928 833 2988 Stich.
846 2929 882 2988 21
895 2927 1028 2989 dimeter
1039 2930 1320 3008 hypercatalectus.

207 3041 286 3102 Vide
299 3059 405 3120 supra.

245 3149 318 3210 Cas.
332 3149 403 3210 955.
429 3147 489 3210 956
512 3167 562 3208 an.
590 3145 814 3226 pentapodiam
842 3149 870 3208 Α
894 3155 924 3206 et
950 3147 975 3206 B
1001 3144 1135 3206 ducibus
1163 3147 1324 3225 discripsit

207 3255 364 3326 Klotzius‚
391 3273 487 3334 quam
509 3256 708 3324 antecedunt,
735 3263 768 3314 ut
789 3253 924 3323 videtur,
942 3263 1088 3332 quattuor
1103 3273 1152 3315 an.
1170 3253 1323 3334 tripediae

204 3363 443 3426 catalecticaeet
455 3382 518 3424 una
533 3379 586 3424 an.
601 3361 744 3440 tripudia.
763 3362 843 3422 Vide
858 3381 965 3440 supra,
981 3381 1016 3442 p.
1036 3365 1102 3434 115,
1120 3364 1192 3423 134.
1222 3366 1323 3441 Atque

204 3473 393 3552 pentapodie
406 3472 497 3550 quasi
514 3472 631 3550 duplex
645 3482 693 3532 est
708 3470 843 3552 tripodis
858 3471 1050 3532 catalectico.

364 3657 380 3738 ξ
409 3662 461 3721 14.
482 3693 520 3700 -
547 3660 596 3719 De
623 3658 826 3752 singulorum
855 3658 1075 3718 trimetrorum
1105 3677 1163 3718 usu

424 3827 453 3885 1.
477 3822 634 3884 Trimelcr
654 3843 725 3884 cum
738 3822 942 3904 paroemiaco
950 3823 1106 3901 junpr'lur

244 3993 338 4051 Truc.
355 3989 415 4050 566
428 3988 567 4050 trimeter
582 3997 684 4048 certus
700 3999 820 4049 certum
837 3951 1072 4070 paroemiacum
1087 3990 1253 4051 antecedit.

247 4101 341 4159 Most.
359 4096 419 4160 860
433 4096 711 4158 trimetrumlibris
722 4096 856 4158 ducibus
867 4098 1028 4177 discripsit
1039 4097 1238 4178 Spengelius
1254 4099 1321 4160 Nec

205 4206 344 4270 Christio
376 4209 456 4268 duce
485 4205 656 4269 dimetrum
690 4215 719 4267 et
748 4219 982 4267 monometrum
1011 4209 1187 4287 dispesoere
1216 4208 1316 4268 decet.

204 4320 290 4381 Nam
305 4318 336 4379 in
355 4317 453 4378 simili
464 4318 608 4395 exemplo
619 4318 712 4376 Truo.
724 4315 783 4376 566
797 4314 933 4378 trimeter
945 4316 977 4376 in
988 4315 1160 4377 dimetrum
1174 4326 1204 4376 ct
1215 4334 1322 4377 mono-

204 4431 341 4484 metrum
358 4419 457 4482 dividi
481 4438 544 4481 non
562 4429 670 4498 potest.
686 4420 755 4481 Nec
774 4421 842 4497 jure
855 4421 1034 4482 Schoellius
1046 4421 1221 4482 roiziauum
1236 4420 1322 4482 resti-

204 4527 275 4597 tuit,
289 4526 343 4606 qui
354 4527 459 4588 versui
472 4524 530 4586 858
543 4527 742 4603 responderet
755 4526 836 4587 sicut
846 4545 876 4587 v.
887 4526 944 4588 861
954 4525 1060 4588 versui
1072 4526 1132 4588 859
1144 4527 1320 4606 respondet.

234 4685 258 4736 1.
273 4687 306 4734 V.
319 4685 350 4735 18
367 4691 394 4735 et
405 4684 436 4733 19
451 4684 580 4734 dimetros
598 4696 709 4747 quoquc
724 4696 784 4733 esse
800 4695 897 4732 verum
919 4688 970 4746 est,
990 4683 1038 4734 sed
1055 4696 1118 4732 cum
1134 4681 1323 4744 superioribus

203 4755 517 4878 dwgggtpamemiacis
541 4757 579 4818 (v.
592 4756 622 4805 16
637 4763 662 4805 et
681 4754 723 4818 17)
746 4756 834 4818 potius
851 4753 1040 4818 conjungendi
1057 4760 1129 4816 sunt,
1146 4754 1245 4816 quibus
1264 4767 1321 4803 res·

204 4842 259 4892 pon
332 4865 339 4878 .

1235 4934 1262 4981 17
