3446 5626
420 627 460 691 96
751 646 791 687 nu
812 639 982 688 ruturuus
1005 641 1202 688 7777777777

437 771 582 846 Pseud
611 783 681 844 586
685 783 828 844 5887707
855 793 903 844 00
902 802 1006 846 077777
1032 787 1112 845 duos
1138 749 1414 846 trochaicost
1346 801 1401 862 sep
1402 791 1537 843 0777707

422 901 613 970 sequuntur,
645 892 698 952 sed
730 890 875 970 potiusv.
902 893 1033 964 586587
1059 894 1249 955 solumoum
1271 893 1396 955 duobus
1419 901 1536 952 antece·

421 994 495 1056 dent
497 994 567 1054 ibus
578 992 749 1053 trochaicis
763 993 949 1071 septenariis
960 993 1003 1056 ita
1015 991 1168 1072 jungendi
1182 1005 1256 1052 sunt
1271 1001 1306 1052 ut
1315 993 1461 1070 quattuor
1474 985 1539 1050 ver'·

422 1120 518 1163 suum
549 1101 694 1180 periodus
720 1101 940 1164 constituatur.
963 1105 1045 1162 Nam
1068 1104 1126 1162 hoc
1155 1114 1227 1162 cant
1229 1099 1315 1160 ioum
1334 1100 1366 1160 77
1393 1108 1539 1177 quattuor

361 1273 371 1290 ,
420 1222 644 1289 quaternorum
672 1225 823 1268 versuum
853 1208 997 1288 periodos
1028 1218 1143 1268 natura
1167 1205 1331 1274 dividitur,
1362 1221 1448 1282 quas
1477 1205 1538 1264 duo

421 1317 614 1400 anapaestioi
630 1337 742 1380 versus
757 1320 957 1390 antecedunt,
975 1319 1038 1378 duo
1054 1307 1253 1406 sequuntur:

540 1481 663 1542 v.574.
671 1479 731 1540 575
757 1497 811 1540 77.
839 1452 993 1542 octonarii
1008 1483 1070 1543 duo

594 1583 653 1650 576
755 1591 856 1652 770017.
879 1590 1076 1668 septenarius

593 1697 652 1756 577
754 1699 857 1759 troch.
885 1697 1016 1758 dimeter
1031 1706 1091 1758 cat.

594 1814 653 1874 578
753 1793 855 1876 troch
878 1811 1113 1894 septenarius

594 1919 653 1980 579
754 1924 856 1984 tr.ooh
877 1922 1010 2015 dimeter
1028 1930 1091 1983 cat.

594 2061 654 2124 580
755 2079 805 2124 an.
824 2064 1003 2124 0070777777

493 2057 571 2356 ³
594 2163 671 2232 581-
674 2167 733 2231 582
754 2171 918 2232 17700177
875 2170 1046 2232 tetrametri
1062 2161 1123 2240 duo

596 2275 655 2336 573
756 2295 808 2358 an.
825 2275 1004 2336 octonarius
1062 2367 1064 2370 Ι

594 2423 671 2483 584-
676 2367 734 2483 585
756 2423 856 2482 trooh.
871 2418 1038 2500 septenarii
1055 2420 1117 2504 duo
1201 2443 1204 2452 ¹

594 2526 671 2588 586-
673 2527 732 2588 587
754 2543 805 2586 77.
823 2523 974 2586 octonarii
988 2523 1050 2586 duo
1133 2567 1135 2574 -

594 2658 653 2721 588
753 2649 805 2720 77.
822 2656 1001 2719 0070777777
1067 2661 1072 2672 ’

529 2763 652 2825 589
753 2763 909 2825 iambicus
925 2762 1056 2825 dimeter
1066 2781 1140 2827 oum
1155 2765 1302 2826 clausula
1316 2729 1467 2829 170777777

593 2872 653 2934 590
753 2874 855 2934 770017.
873 2873 1051 2934 octonarius
1104 2911 1106 2916 ,
1183 2903 1187 2914 ι

594 2979 651 3041 591
742 2977 953 3056 ,77-,7177770707

598 3113 656 3174 592
759 3129 812 3174 77.
827 3113 1005 3174 0070777777

593 3191 735 3277 ’593-594
751 3236 801 3279 77.
821 3220 1018 3298 septenarius

462 3355 560 3435 Igitur
575 3376 605 3418 v.
616 3357 675 3418 588
688 3355 947 3437 quartae‘periodi
963 3376 1032 3439 pars
1047 3367 1094 3430 est
1108 3375 1189 3436 quae
1209 3377 1261 3420 au.
1279 3323 1417 3436 dimetro
1432 3351 1538 3420 termi-

421 3475 528 3528 natur.

461 3577 547 3636 Pers.
577 3573 708 3638 843-848
742 3595 796 3662 sex
824 3577 999 3640 octonarios
1032 3581 1221 3642 antecedunt
1247 3577 1398 3640 trochaici
1426 3593 1538 3638 versus

310 3707 313 3714 ·
411 3672 518 3751 ¹(819t
507 3675 605 3736 7.70017
621 3675 810 3743 0070777777
829 3677 1070 3740 820-888troch.
1092 3677 1270 3759 septenarii,
1287 3677 1412 3758 839841
1434 3675 1536 3748 770017.

420 3777 583 3852 octonarii,
610 3779 668 3840 842
689 3779 794 3841 770017.
829 3780 1051 3859 septenarius).
1085 3785 1131 3844 De
1157 3790 1289 3862 sequent
1276 3783 1362 3845 771777
1390 3781 1537 3844 iambicis

420 3879 576 3949 versibus,
594 3880 666 3942 vrde
679 3880 771 3942 77177
815 3903 817 3908 ’

462 3988 578 4049 Pseud
611 3989 680 4050 165-
684 3989 781 4050 617’
757 4009 825 4051 7770
849 3991 945 4052 dubio
970 4013 1010 4063 77
1040 3991 1190 4057 octonarii
1219 4003 1293 4056 sunt
1308 4004 1338 4056 et
1353 4015 1384 4057 7.
1400 3994 1538 4058 .161-164

420 4100 519 4160 770017.
536 4100 698 4162 octonarii.
710 4103 749 4162 V.
762 4100 820 4164 168
836 4111 951 4177 autem,
969 4123 1064 4182 quem
1082 4123 1132 4165 an.
1148 4105 1347 4167 octonarium
1355 4099 1429 4168 'esse
1444 4115 1537 4188 puta-

420 4220 535 4271 verunt
559 4210 760 4292 Spengelius‚
788 4211 946 4286 Goetzius,
973 4215 1328 4300 60077777-801700117777,
1349 4217 1537 4296 potiustro-

420 4315 551 4376 chaicus
565 4315 742 4378 0070777777
756 4301 823 4379 esse
832 4317 965 4394 videtur.
981 4319 1066 4380 Nam
1076 4317 1202 4381 initium
1212 4318 1297 4379 intro
1312 4301 1499 4398 abite‚quod
1513 4319 1536 4382 Α

420 4425 496 4483 oum'
505 4423 615 4506 ceteris
641 4423 730 4484 libris
753 4433 897 4498 70777777,
911 4407 1117 4500 trochaicam,
1138 4446 1201 4489 non
1217 4427 1453 4506 anapaestioam
1468 4447 1537 4490 esse

420 4547 604 4591 mensuram
624 4533 729 4592 docet:
762 4523 845 4593 77710
861 4551 935 4594 7070
952 4535 1037 4592 intro
1067 4534 1149 4594 abite
1169 4533 1297 4596 metitur
1313 4534 1463 4598 Goetzius
1477 4551 1536 4597 nec

421 4630 537 4694 metius
550 4633 634 4695 intro
650 4635 733 4696 777770
756 4635 1115 4700 Goetzius-Schoellius.

463 4737 635 4814 17777921,
651 4739 804 4802 92271707
821 4760 875 4803 an.
905 4743 1081 4805 octonarios
1108 4743 1262 4806 antecedit
1282 4743 1438 4806 iambicus
1448 4752 1532 4807 0070-
