3450 5630
538 655 557 662 ¹·
621 640 660 682 DE
686 639 727 682 RE
749 638 889 682 Matalon

265 759 353 818 Pers.
370 733 464 819 7980
486 775 539 818 00.
559 755 691 818 dimeter

382 883 385 892 ·
445 867 462 926 5
485 883 537 926 00.
553 864 689 944 tripodia
703 862 885 926 catalectica

364 969 424 1032 799
485 989 538 1032 00.
555 969 736 1032 octonarius

366 1080 426 1142 800
548 1077 767 1157 paroemiaous

234 1187 328 1270 Truc.
346 1207 404 1269 558
419 1227 471 1270 an.
484 1206 662 1269 octonarius
677 1206 911 1287 paroemiacum
922 1215 953 1268 et
966 1224 1018 1267 an.
1029 1204 1207 1267 trimetrum
1223 1204 1310 1299 sequi

195 1314 331 1378 videtur.
348 1317 464 1378 Confer
479 1315 572 1376 10100.

400 1479 430 1538 4.
458 1472 652 1534 (telonarius
673 1493 743 1534 cum
759 1473 943 1536 5000510010
948 1472 1104 1553 junyitnr

191 1611 196 1639 ²
232 1611 355 1672 Bacch.
378 1610 437 1672 617
459 1609 640 1672 octonarius
665 1627 718 1670 an.
746 1608 906 1690 dipodiam
925 1607 1066 1688 sequitur
1084 1619 1115 1670 et
1128 1607 1312 1671 5000510000

197 1717 391 1781 tetram'e'tros
406 1718 484 1779 duos
500 1711 664 1779 antecedit.

241 1821 359 1882 Pseud.
382 1819 441 1882 580
465 1819 644 1882 octonarius
663 1819 849 1882 bacchiacos
861 1829 1054 1882 tetrametros
1069 1821 1148 1881 duos
1160 1819 1315 1881 antecedit

188 1923 276 2006 ‘quos
307 1947 361 1989 00.
387 1925 567 1989 octonarius
589 1929 705 1989 Pseud.
727 1929 785 1989 583
801 1927 953 2006 sequitur.
966 1929 1016 1988 'De
1031 1929 1091 1988 hoc
1106 1926 1227 1988 cantico
1241 1927 1314 1988 vide

198 2053 307 2116 supra,
325 2037 355 2116 p.
373 2036 424 2098 96.
1296 2023 1299 2038 ’

237 2145 332 2206 True.
351 2145 410 2205 553
428 2143 609 2206 octonarius
626 2144 811 2206 bacchiacos
827 2143 969 2224 sequitur
982 2153 1011 2205 et
1031 2140 1314 2205 5000510000οηῑο

197 2243 293 2306 cedit.
988 2268 990 2271 ·

239 2352 332 2411 Truc.
358 2349 415 2412 711
443 2349 622 2412 octonarius
648 2349 833 2412 bacchiacos
855 2359 1050 2412 tetrametros
1067 2349 1147 2411 duos
1161 2349 1317 2412 antecedit

199 2473 278 2536 quos
294 2475 346 2518 an.
364 2457 559 2536 septenarius
573 2453 616 2534 (v.
635 2455 705 2536 714)
721 2457 874 2537 sequitur.

241 2569 334 2648 Capt.
364 2566 423 2628 509
451 2585 503 2628 an.
529 2567 733 2628 octonarium
761 2585 830 2628 esse
859 2565 1081 2628 intellexerunt
1111 2563 1318 2626 Winteruset

201 2673 404 2747 Sliutschius',
421 2663 513 2758 quem
530 2679 674 2759 sequitur
687 2669 847 2740 bacchiaci
861 2677 988 2739 numeri
1004 2677 1207 2740 continuatio.
1225 2687 1226 2692 ’
1275 2679 1296 2692 ”
1335 2731 1341 2743 .

243 2785 359 2846 Pseud.
375 2784 456 2846 1264
471 2803 522 2845 00.
540 2783 736 2846 octonarium
749 2785 819 2862 jure
835 2783 1065 2865 discripserunt
1084 2783 1273 2864 Spengelius
1288 2791 1318 2843 et

202 2891 363 2966 Goetzius‚
389 2892 442 2970 qui
469 2894 549 2954 duos
569 2892 753 2954 bacchiacos
776 2892 933 2953 trimetros
955 2892 1152 2954 catalecticos
1177 2885 1267 2966 (1258
1289 2897 1319 2952 'et

201 2992 292 3070 1262)
317 3004 347 3056 et
371 2994 577 3056 5000510000
587 2983 806 3057 'tetrametrum
824 2994 1039 3056 catalecticum
1061 2993 1214 3074 sequitur.
1231 2993 1317 3055 Nam

203 3123 232 3162 v.
248 3101 419 3164 12591261
432 3103 471 3162 05
483 3102 620 3164 hocloco
632 3101 754 3164 0110000
765 3121 833 3163 0000
843 3102 1135 3164 animadverterunt
1147 3100 1318 3182 Ussingius

202 3221 232 3271 et
242 3209 390 3272 Goetnius
402 3230 408 3282 ;
419 3211 546 3288 jamque
558 3209 751 3272 Ritschelius
766 3220 932 3292 putaverat
945 3207 1121 3272 infinitivus
1128 3211 1316 3292 propinare,

203 3319 340 3387 0000011
358 3337 375 3378 e
390 3337 424 3380 -v.
450 3319 527 3380 1258
543 3321 686 3398 pendere.
705 3318 774 3381 Nec
791 3321 895 3380 solum
911 3318 1052 3396 syntaxis
1066 3319 1120 3380 sed
1134 3317 1229 3380 etiam
1248 3335 1319 3379 me

203 3435 285 3486 trum
301 3445 429 3487 versum
445 3427 524 3487 1258
540 3426 683 3488 versibus
699 3427 776 3489 1262
792 3445 856 3506 seq.
873 3427 1048 3490 continuari
1065 3430 1163 3491 docet.

433 3607 463 3667 5.
484 3595 680 3668 Octonarius
701 3628 771 3668 cum
788 3607 936 3684 iambicis
938 3609 1095 3688 junyitttt·

244 3736 316 3798 000.
341 3736 401 3797 719
424 3755 477 3796 an.
500 3735 681 3798 octonarius
701 3736 853 3800 iambicos
868 3738 1010 3816 sequitur
1024 3757 1123 3817 eoque
1137 3757 1230 3800 versu
1245 3757 1321 3800 can-

205 3841 304 3903 ticum
320 3843 641 3904 conclamandam
657 3863 730 3906 cum
745 3863 775 3908 v„
792 3847 852 3907 720
866 3846 954 3908 aliud
967 3848 1126 3909 canticum
1143 3846 1266 3927 incipit,
1283 3849 1322 3908 de

206 3961 267 4022 quo
285 3943 357 4020 vide
372 3962 478 4033 supra,
494 3966 526 4026 p.
551 3947 621 4007 235.

360 4135 377 4217 ἓ
396 4141 425 4200 4.
441 4171 480 4182 -
495 4140 544 4200 De
559 4138 762 4218 0109010000
778 4137 1019 4201 octonariorum
1026 4136 1151 4217 sorotis

247 4305 283 4366 ln
306 4323 437 4367 caesura
466 4306 590 4384 syllaba
607 4286 722 4384 anceps
742 4304 921 4367 admittitur
942 4303 1020 4366 Cist.
1043 4306 1093 4381 25,
1116 4302 1232 4366 Pseud.
1250 4301 1320 4376 230,

204 4407 343 4488 itemque
358 4407 464 4468 hiatus
477 4408 594 4469 Pseud.
609 4410 679 4479 232,
696 4418 865 4488 utrumque
880 4421 985 4472 autem
1001 4409 1097 4470 simul
1111 4410 1227 4470 Pseud.
1244 4407 1317 4474 230.

241 4516 452 4598 ¹synaloepha
472 4525 581 4578 contra
600 4517 803 4580 hemistichia
816 4519 993 4598 junguntur
1011 4519 1129 4581 Pseud.
1146 4519 1215 4592 241,
1233 4517 1322 4588 1316,

195 4612 341 4694 ‚ideoque
361 4603 493 4676 caesura
516 4618 600 4692 latet,
627 4617 682 4678 sed
707 4618 832 4680 nullum
860 4616 912 4679 hic
935 4629 983 4680 est
1003 4621 1186 4698 exemplum
1203 4616 1240 4680 in
1262 4635 1324 4695 quo

207 4721 336 4784 omnino
351 4721 433 4784 desit
444 4722 587 4802 legitima
601 4742 742 4786 caesura.
