<?xml version="1.0" encoding="UTF-8"?>
<!DOCTYPE html PUBLIC "-//W3C//DTD XHTML 1.0 Transitional//EN"
    "http://www.w3.org/TR/xhtml1/DTD/xhtml1-transitional.dtd">
<html xmlns="http://www.w3.org/1999/xhtml" xml:lang="en" lang="en">
 <head>
  <title>
</title>
<meta http-equiv="Content-Type" content="text/html;charset=utf-8" />
  <meta name='ocr-system' content='tesseract 3.04.00' />
  <meta name='ocr-capabilities' content='ocr_page ocr_carea ocr_par ocr_line ocrx_word'/>
</head>
<body>
  <div class='ocr_page' id='page_1' title='image "./deplautinisanap00audogoog_0267.png"; bbox 0 0 3450 5630; ppageno 0'>
   <div class='ocr_carea' id='block_1_1' title="bbox 437 691 1220 754">
    <p class='ocr_par' dir='ltr' id='par_1_1' title="bbox 437 691 1220 754">
     <span class='ocr_line' id='line_1_1' title="bbox 437 691 1220 754; baseline 0.005 -4"><span class='ocrx_word' id='word_1_1' title='bbox 437 691 495 752; x_wconf 83' lang='grc'>248</span> <span class='ocrx_word' id='word_1_2' title='bbox 766 709 806 750; x_wconf 82' lang='lat' dir='ltr'>nn</span> <span class='ocrx_word' id='word_1_3' title='bbox 827 709 998 752; x_wconf 67' lang='lat' dir='ltr'>rusurrurs</span> <span class='ocrx_word' id='word_1_4' title='bbox 1021 712 1220 754; x_wconf 73' lang='lat' dir='ltr'>auaransrrs</span> 
     </span>
    </p>
   </div>
   <div class='ocr_carea' id='block_1_2' title="bbox 436 853 1549 938">
    <p class='ocr_par' dir='ltr' id='par_1_2' title="bbox 436 853 1549 938">
     <span class='ocr_line' id='line_1_2' title="bbox 436 853 1549 938; baseline 0.009 -23"><span class='ocrx_word' id='word_1_5' title='bbox 436 853 546 915; x_wconf 80' lang='lat' dir='ltr'>lectica</span> <span class='ocrx_word' id='word_1_6' title='bbox 560 861 592 916; x_wconf 87' lang='lat' dir='ltr'>et</span> <span class='ocrx_word' id='word_1_7' title='bbox 609 875 643 914; x_wconf 85' lang='lat' dir='ltr'>v.</span> <span class='ocrx_word' id='word_1_8' title='bbox 659 856 719 918; x_wconf 81' lang='lat'>763</span> <span class='ocrx_word' id='word_1_9' title='bbox 732 857 753 916; x_wconf 94' lang='lat' dir='ltr'>b</span> <span class='ocrx_word' id='word_1_10' title='bbox 767 856 1004 936; x_wconf 86' lang='lat' dir='ltr'>paroemiacum</span> <span class='ocrx_word' id='word_1_11' title='bbox 1019 867 1102 920; x_wconf 88' lang='lat' dir='ltr'>recta</span> <span class='ocrx_word' id='word_1_12' title='bbox 1120 858 1280 938; x_wconf 84' lang='lat' dir='ltr'>discripsit</span> <span class='ocrx_word' id='word_1_13' title='bbox 1293 861 1488 924; x_wconf 88' lang='lat' dir='ltr'>Schocllius.</span> <span class='ocrx_word' id='word_1_14' title='bbox 1508 865 1549 926; x_wconf 88' lang='lat' dir='ltr'>Ea</span> 
     </span>
    </p>
   </div>
   <div class='ocr_carea' id='block_1_3' title="bbox 436 957 1548 1151">
    <p class='ocr_par' dir='ltr' id='par_1_3' title="bbox 436 957 1548 1151">
     <span class='ocr_line' id='line_1_3' title="bbox 437 957 1548 1050; baseline 0.014 -33"><span class='ocrx_word' id='word_1_15' title='bbox 437 957 557 1034; x_wconf 90' lang='lat' dir='ltr'>periodi</span> <span class='ocrx_word' id='word_1_16' title='bbox 585 959 727 1021; x_wconf 85' lang='lat' dir='ltr'>clausula</span> <span class='ocrx_word' id='word_1_17' title='bbox 757 969 815 1034; x_wconf 89' lang='lat' dir='ltr'>cst,</span> <span class='ocrx_word' id='word_1_18' title='bbox 851 979 932 1040; x_wconf 90' lang='lat' dir='ltr'>quae</span> <span class='ocrx_word' id='word_1_19' title='bbox 965 982 1171 1026; x_wconf 88' lang='lat' dir='ltr'>numerorum</span> <span class='ocrx_word' id='word_1_20' title='bbox 1202 966 1378 1031; x_wconf 85' lang='lat' dir='ltr'>mutatione</span> <span class='ocrx_word' id='word_1_21' title='bbox 1404 988 1548 1050; x_wconf 83' lang='lat' dir='ltr'>personae</span> 
     </span>
     <span class='ocr_line' id='line_1_4' title="bbox 436 1063 1032 1151; baseline 0.01 -29"><span class='ocrx_word' id='word_1_22' title='bbox 436 1080 546 1123; x_wconf 89' lang='lat' dir='ltr'>curam</span> <span class='ocrx_word' id='word_1_23' title='bbox 559 1071 589 1124; x_wconf 87' lang='lat' dir='ltr'>ct</span> <span class='ocrx_word' id='word_1_24' title='bbox 604 1063 853 1151; x_wconf 85' lang='lat' dir='ltr'>sollicitudinem</span> <span class='ocrx_word' id='word_1_25' title='bbox 868 1067 1032 1146; x_wconf 84' lang='lat' dir='ltr'>exprimit:</span> 
     </span>
    </p>
   </div>
   <div class='ocr_carea' id='block_1_4' title="bbox 436 1190 1549 2339">
    <p class='ocr_par' dir='ltr' id='par_1_4' title="bbox 436 1190 1549 2339">
     <span class='ocr_line' id='line_1_5' title="bbox 636 1190 1114 1258; baseline 0.017 -10"><span class='ocrx_word' id='word_1_26' title='bbox 636 1207 665 1250; x_wconf 90' lang='lat' dir='ltr'>v.</span> <span class='ocrx_word' id='word_1_27' title='bbox 689 1190 747 1252; x_wconf 82' lang='lat'>761</span> <span class='ocrx_word' id='word_1_28' title='bbox 810 1195 922 1256; x_wconf 89' lang='lat' dir='ltr'>bacch.</span> <span class='ocrx_word' id='word_1_29' title='bbox 937 1203 1114 1258; x_wconf 81' lang='lat' dir='ltr'>tetrameter</span> 
     </span>
     <span class='ocr_line' id='line_1_6' title="bbox 690 1294 1548 1382; baseline 0.015 -28"><span class='ocrx_word' id='word_1_30' title='bbox 690 1294 750 1356; x_wconf 79' lang='lat'>762</span> <span class='ocrx_word' id='word_1_31' title='bbox 771 1315 790 1358; x_wconf 92' lang='lat' dir='ltr'>a</span> <span class='ocrx_word' id='word_1_32' title='bbox 811 1299 919 1359; x_wconf 89' lang='lat' dir='ltr'>bacch.</span> <span class='ocrx_word' id='word_1_33' title='bbox 952 1298 1085 1360; x_wconf 86' lang='lat' dir='ltr'>dimeter</span> <span class='ocrx_word' id='word_1_34' title='bbox 1099 1318 1174 1378; x_wconf 88' lang='lat' dir='ltr'>cum</span> <span class='ocrx_word' id='word_1_35' title='bbox 1189 1299 1285 1367; x_wconf 84' lang='lat' dir='ltr'>iamb.</span> <span class='ocrx_word' id='word_1_36' title='bbox 1304 1303 1441 1382; x_wconf 88' lang='lat' dir='ltr'>tripodia</span> <span class='ocrx_word' id='word_1_37' title='bbox 1468 1313 1548 1366; x_wconf 89' lang='lat' dir='ltr'>cata-</span> 
     </span>
     <span class='ocr_line' id='line_1_7' title="bbox 814 1403 926 1464; baseline 0.018 -2"><span class='ocrx_word' id='word_1_38' title='bbox 814 1403 926 1464; x_wconf 85' lang='lat' dir='ltr'>lectica</span> 
     </span>
     <span class='ocr_line' id='line_1_8' title="bbox 697 1511 1346 1576; baseline 0.006 -4"><span class='ocrx_word' id='word_1_39' title='bbox 697 1511 756 1573; x_wconf 84' lang='lat'>762</span> <span class='ocrx_word' id='word_1_40' title='bbox 777 1514 797 1573; x_wconf 97' lang='lat' dir='ltr'>b</span> <span class='ocrx_word' id='word_1_41' title='bbox 819 1513 927 1572; x_wconf 90' lang='lat' dir='ltr'>bacch.</span> <span class='ocrx_word' id='word_1_42' title='bbox 947 1521 1130 1574; x_wconf 88' lang='lat' dir='ltr'>tetrameter</span> <span class='ocrx_word' id='word_1_43' title='bbox 1146 1515 1346 1576; x_wconf 87' lang='lat' dir='ltr'>catalecticus</span> 
     </span>
     <span class='ocr_line' id='line_1_9' title="bbox 691 1610 1545 1693; baseline 0.002 -21"><span class='ocrx_word' id='word_1_44' title='bbox 691 1611 751 1672; x_wconf 84' lang='lat'>763</span> <span class='ocrx_word' id='word_1_45' title='bbox 772 1631 791 1672; x_wconf 88' lang='lat' dir='ltr'>a</span> <span class='ocrx_word' id='word_1_46' title='bbox 811 1620 885 1672; x_wconf 87' lang='lat' dir='ltr'>eret.</span> <span class='ocrx_word' id='word_1_47' title='bbox 905 1610 1036 1672; x_wconf 90' lang='lat' dir='ltr'>dimeter</span> <span class='ocrx_word' id='word_1_48' title='bbox 1058 1630 1133 1674; x_wconf 91' lang='lat' dir='ltr'>cum</span> <span class='ocrx_word' id='word_1_49' title='bbox 1151 1611 1409 1693; x_wconf 86' lang='lat' dir='ltr'>trochtripodia</span> <span class='ocrx_word' id='word_1_50' title='bbox 1424 1617 1545 1677; x_wconf 88' lang='lat' dir='ltr'>catalec-</span> 
     </span>
     <span class='ocr_line' id='line_1_10' title="bbox 814 1720 875 1770; baseline 0.016 -1"><span class='ocrx_word' id='word_1_51' title='bbox 814 1720 875 1770; x_wconf 83' lang='lat' dir='ltr'>tica</span> 
     </span>
     <span class='ocr_line' id='line_1_11' title="bbox 693 1819 1037 1898; baseline -0.006 -16"><span class='ocrx_word' id='word_1_52' title='bbox 693 1819 752 1882; x_wconf 82' lang='lat'>763</span> <span class='ocrx_word' id='word_1_53' title='bbox 773 1822 793 1881; x_wconf 92' lang='lat' dir='ltr'>b</span> <span class='ocrx_word' id='word_1_54' title='bbox 816 1819 1037 1898; x_wconf 85' lang='lat' dir='ltr'>paroemiacus</span> 
     </span>
     <span class='ocr_line' id='line_1_12' title="bbox 476 1942 1548 2024; baseline -0.001 -15"><span class='ocrx_word' id='word_1_55' title='bbox 476 1949 568 2020; x_wconf 82' lang='lat' dir='ltr'>Quod</span> <span class='ocrx_word' id='word_1_56' title='bbox 596 1965 660 2008; x_wconf 90' lang='lat' dir='ltr'>non</span> <span class='ocrx_word' id='word_1_57' title='bbox 682 1942 840 2024; x_wconf 84' lang='lat' dir='ltr'>perspexit</span> <span class='ocrx_word' id='word_1_58' title='bbox 862 1943 1063 2022; x_wconf 68' lang='lat' dir='ltr'>Spengelius</span> <span class='ocrx_word' id='word_1_59' title='bbox 1080 1944 1134 2021; x_wconf 91' lang='lat' dir='ltr'>qui</span> <span class='ocrx_word' id='word_1_60' title='bbox 1162 1945 1348 2008; x_wconf 89' lang='lat' dir='ltr'>bacchiaccs</span> <span class='ocrx_word' id='word_1_61' title='bbox 1365 1957 1548 2010; x_wconf 88' lang='lat' dir='ltr'>tetrametros</span> 
     </span>
     <span class='ocr_line' id='line_1_13' title="bbox 437 2048 1340 2116; baseline -0.006 0"><span class='ocrx_word' id='word_1_62' title='bbox 437 2053 606 2116; x_wconf 89' lang='lat' dir='ltr'>continuos</span> <span class='ocrx_word' id='word_1_63' title='bbox 620 2048 774 2112; x_wconf 86' lang='lat' dir='ltr'>restituit.</span> <span class='ocrx_word' id='word_1_64' title='bbox 1338 2054 1340 2060; x_wconf 89' lang='lat'>&#39;</span> 
     </span>
     <span class='ocr_line' id='line_1_14' title="bbox 478 2154 1548 2238; baseline -0.008 -14"><span class='ocrx_word' id='word_1_65' title='bbox 478 2165 562 2224; x_wconf 86' lang='lat' dir='ltr'>Rud.</span> <span class='ocrx_word' id='word_1_66' title='bbox 574 2162 644 2229; x_wconf 84' lang='grc'>953,</span> <span class='ocrx_word' id='word_1_67' title='bbox 666 2160 725 2222; x_wconf 85' lang='grc'>955</span> <span class='ocrx_word' id='word_1_68' title='bbox 743 2154 955 2236; x_wconf 90' lang='lat' dir='ltr'>paroemiacos</span> <span class='ocrx_word' id='word_1_69' title='bbox 970 2173 1045 2214; x_wconf 92' lang='lat' dir='ltr'>cum</span> <span class='ocrx_word' id='word_1_70' title='bbox 1069 2155 1205 2234; x_wconf 81' lang='lat' dir='ltr'>singulis</span> <span class='ocrx_word' id='word_1_71' title='bbox 1228 2157 1398 2218; x_wconf 88' lang='lat' dir='ltr'>trochaicis</span> <span class='ocrx_word' id='word_1_72' title='bbox 1412 2156 1548 2238; x_wconf 91' lang='lat' dir='ltr'>tripodiis</span> 
     </span>
     <span class='ocr_line' id='line_1_15' title="bbox 436 2259 1549 2339; baseline -0.007 -9"><span class='ocrx_word' id='word_1_73' title='bbox 436 2266 624 2330; x_wconf 86' lang='lat' dir='ltr'>catalecticis</span> <span class='ocrx_word' id='word_1_74' title='bbox 644 2265 812 2338; x_wconf 84' lang='lat' dir='ltr'>alternare</span> <span class='ocrx_word' id='word_1_75' title='bbox 849 2259 1073 2320; x_wconf 88' lang='lat' dir='ltr'>animadvertit</span> <span class='ocrx_word' id='word_1_76' title='bbox 1112 2261 1312 2339; x_wconf 81' lang='lat' dir='ltr'>Spengelius</span> <span class='ocrx_word' id='word_1_77' title='bbox 1355 2263 1442 2323; x_wconf 89' lang='lat' dir='ltr'>Nam</span> <span class='ocrx_word' id='word_1_78' title='bbox 1483 2281 1549 2324; x_wconf 90' lang='lat' dir='ltr'>cum</span> 
     </span>
    </p>
   </div>
   <div class='ocr_carea' id='block_1_5' title="bbox 337 2367 1548 2450">
    <p class='ocr_par' dir='ltr' id='par_1_5' title="bbox 337 2367 1548 2450">
     <span class='ocr_line' id='line_1_16' title="bbox 337 2367 1548 2450; baseline -0.008 -10"><span class='ocrx_word' id='word_1_79' title='bbox 337 2396 340 2402; x_wconf 74' lang='grc'>’</span> <span class='ocrx_word' id='word_1_80' title='bbox 436 2401 468 2442; x_wconf 84' lang='lat' dir='ltr'>v.</span> <span class='ocrx_word' id='word_1_81' title='bbox 485 2374 693 2441; x_wconf 81' lang='lat' dir='ltr'>951ecretico</span> <span class='ocrx_word' id='word_1_82' title='bbox 709 2372 842 2432; x_wconf 89' lang='lat' dir='ltr'>dimetro</span> <span class='ocrx_word' id='word_1_83' title='bbox 857 2377 887 2428; x_wconf 89' lang='lat' dir='ltr'>et</span> <span class='ocrx_word' id='word_1_84' title='bbox 896 2367 1057 2430; x_wconf 87' lang='lat' dir='ltr'>trochaica</span> <span class='ocrx_word' id='word_1_85' title='bbox 1068 2367 1205 2446; x_wconf 89' lang='lat' dir='ltr'>tripodia</span> <span class='ocrx_word' id='word_1_86' title='bbox 1219 2369 1399 2432; x_wconf 89' lang='lat' dir='ltr'>catalectica</span> <span class='ocrx_word' id='word_1_87' title='bbox 1410 2369 1548 2450; x_wconf 89' lang='lat' dir='ltr'>componi</span> 
     </span>
    </p>
   </div>
   <div class='ocr_carea' id='block_1_6' title="bbox 436 2465 1549 2976">
    <p class='ocr_par' dir='ltr' id='par_1_6' title="bbox 436 2465 1549 2769">
     <span class='ocr_line' id='line_1_17' title="bbox 436 2465 1549 2561; baseline -0.012 -11"><span class='ocrx_word' id='word_1_88' title='bbox 436 2499 501 2550; x_wconf 88' lang='lat' dir='ltr'>etv</span> <span class='ocrx_word' id='word_1_89' title='bbox 520 2485 580 2549; x_wconf 85' lang='lat'>956</span> <span class='ocrx_word' id='word_1_90' title='bbox 609 2485 673 2561; x_wconf 86' lang='lat' dir='ltr'>s&#39;eq.</span> <span class='ocrx_word' id='word_1_91' title='bbox 690 2465 908 2560; x_wconf 84' lang='lat' dir='ltr'>anapaesticos</span> <span class='ocrx_word' id='word_1_92' title='bbox 937 2494 1004 2536; x_wconf 90' lang='lat' dir='ltr'>esse</span> <span class='ocrx_word' id='word_1_93' title='bbox 1030 2486 1160 2550; x_wconf 85' lang='lat' dir='ltr'>constet,</span> <span class='ocrx_word' id='word_1_94' title='bbox 1191 2477 1273 2539; x_wconf 92' lang='lat' dir='ltr'>nihil</span> <span class='ocrx_word' id='word_1_95' title='bbox 1298 2479 1486 2541; x_wconf 88' lang='lat' dir='ltr'>concinnius</span> <span class='ocrx_word' id='word_1_96' title='bbox 1507 2486 1549 2540; x_wconf 89' lang='lat' dir='ltr'>est</span> 
     </span>
     <span class='ocr_line' id='line_1_18' title="bbox 439 2583 1545 2674; baseline -0.01 -18"><span class='ocrx_word' id='word_1_97' title='bbox 439 2613 535 2674; x_wconf 89' lang='lat' dir='ltr'>quam</span> <span class='ocrx_word' id='word_1_98' title='bbox 551 2611 567 2653; x_wconf 91' lang='lat' dir='ltr'>e</span> <span class='ocrx_word' id='word_1_99' title='bbox 586 2589 710 2652; x_wconf 89' lang='lat' dir='ltr'>creticis</span> <span class='ocrx_word' id='word_1_100' title='bbox 723 2588 765 2648; x_wconf 91' lang='lat' dir='ltr'>ad</span> <span class='ocrx_word' id='word_1_101' title='bbox 780 2593 966 2665; x_wconf 87' lang='lat' dir='ltr'>anapaestos</span> <span class='ocrx_word' id='word_1_102' title='bbox 987 2602 1040 2662; x_wconf 90' lang='lat' dir='ltr'>per</span> <span class='ocrx_word' id='word_1_103' title='bbox 1055 2583 1231 2644; x_wconf 89' lang='lat' dir='ltr'>trochaicas</span> <span class='ocrx_word' id='word_1_104' title='bbox 1247 2585 1400 2664; x_wconf 91' lang='lat' dir='ltr'>tripodias</span> <span class='ocrx_word' id='word_1_105' title='bbox 1415 2589 1545 2648; x_wconf 86' lang='lat' dir='ltr'>catalec-</span> 
     </span>
     <span class='ocr_line' id='line_1_19' title="bbox 437 2678 1280 2769; baseline -0.017 -15"><span class='ocrx_word' id='word_1_106' title='bbox 437 2694 515 2754; x_wconf 90' lang='lat' dir='ltr'>ticas</span> <span class='ocrx_word' id='word_1_107' title='bbox 530 2703 560 2752; x_wconf 90' lang='lat' dir='ltr'>et</span> <span class='ocrx_word' id='word_1_108' title='bbox 575 2686 789 2769; x_wconf 86' lang='lat' dir='ltr'>paroemiacos</span> <span class='ocrx_word' id='word_1_109' title='bbox 804 2685 994 2744; x_wconf 88' lang='lat' dir='ltr'>alternantes</span> <span class='ocrx_word' id='word_1_110' title='bbox 1009 2682 1178 2742; x_wconf 89' lang='lat' dir='ltr'>transitum</span> <span class='ocrx_word' id='word_1_111' title='bbox 1199 2678 1280 2742; x_wconf 82' lang='lat' dir='ltr'>fieri.</span> 
     </span>
    </p>

    <p class='ocr_par' dir='ltr' id='par_1_7' title="bbox 438 2781 1547 2976">
     <span class='ocr_line' id='line_1_20' title="bbox 480 2781 1547 2866; baseline -0.007 -16"><span class='ocrx_word' id='word_1_112' title='bbox 480 2793 674 2866; x_wconf 80' lang='lat' dir='ltr'>Quanquam</span> <span class='ocrx_word' id='word_1_113' title='bbox 711 2781 928 2863; x_wconf 90' lang='lat' dir='ltr'>paroemiacus</span> <span class='ocrx_word' id='word_1_114' title='bbox 955 2799 1029 2842; x_wconf 90' lang='lat' dir='ltr'>cum</span> <span class='ocrx_word' id='word_1_115' title='bbox 1050 2782 1308 2842; x_wconf 89' lang='lat' dir='ltr'>antecedentibus</span> <span class='ocrx_word' id='word_1_116' title='bbox 1332 2783 1475 2844; x_wconf 89' lang='lat' dir='ltr'>versibus</span> <span class='ocrx_word' id='word_1_117' title='bbox 1491 2784 1547 2861; x_wconf 91' lang='lat' dir='ltr'>ple·</span> 
     </span>
     <span class='ocr_line' id='line_1_21' title="bbox 438 2881 1547 2976; baseline -0.006 -25"><span class='ocrx_word' id='word_1_118' title='bbox 438 2909 571 2968; x_wconf 87' lang='lat' dir='ltr'>rumque</span> <span class='ocrx_word' id='word_1_119' title='bbox 599 2889 744 2976; x_wconf 76' lang='lat' dir='ltr'>cohaeret</span> <span class='ocrx_word' id='word_1_120' title='bbox 771 2895 801 2945; x_wconf 91' lang='lat' dir='ltr'>et</span> <span class='ocrx_word' id='word_1_121' title='bbox 828 2882 991 2964; x_wconf 85' lang='lat' dir='ltr'>clausulae</span> <span class='ocrx_word' id='word_1_122' title='bbox 1011 2891 1115 2960; x_wconf 88' lang='lat' dir='ltr'>partes</span> <span class='ocrx_word' id='word_1_123' title='bbox 1141 2881 1290 2952; x_wconf 68' lang='lat' dir='ltr'>delenda,</span> <span class='ocrx_word' id='word_1_124' title='bbox 1322 2901 1547 2964; x_wconf 91' lang='lat' dir='ltr'>nonnunquam</span> 
     </span>
    </p>
   </div>
   <div class='ocr_carea' id='block_1_7' title="bbox 434 2979 1091 3068">
    <p class='ocr_par' dir='ltr' id='par_1_8' title="bbox 434 2979 1091 3068">
     <span class='ocr_line' id='line_1_22' title="bbox 434 2979 1091 3068; baseline -0.012 -14"><span class='ocrx_word' id='word_1_125' title='bbox 434 3003 539 3054; x_wconf 89' lang='lat' dir='ltr'>tamen</span> <span class='ocrx_word' id='word_1_126' title='bbox 562 3004 636 3054; x_wconf 89' lang='lat' dir='ltr'>cum</span> <span class='ocrx_word' id='word_1_127' title='bbox 657 2979 858 3068; x_wconf 84' lang='lat' dir='ltr'>sequentibus</span> <span class='ocrx_word' id='word_1_128' title='bbox 874 2987 1091 3065; x_wconf 84' lang='lat' dir='ltr'>conjungitur.</span> 
     </span>
    </p>
   </div>
   <div class='ocr_carea' id='block_1_8' title="bbox 515 3165 1475 3246">
    <p class='ocr_par' dir='ltr' id='par_1_9' title="bbox 515 3165 1475 3246">
     <span class='ocr_line' id='line_1_23' title="bbox 515 3165 1475 3246; baseline 0.001 -16"><span class='ocrx_word' id='word_1_129' title='bbox 515 3170 545 3230; x_wconf 89' lang='lat'>9.</span> <span class='ocrx_word' id='word_1_130' title='bbox 569 3165 802 3246; x_wconf 80' lang='lat' dir='ltr'>Parcerniacas</span> <span class='ocrx_word' id='word_1_131' title='bbox 814 3186 867 3226; x_wconf 90' lang='lat' dir='ltr'>aa.</span> <span class='ocrx_word' id='word_1_132' title='bbox 883 3165 1039 3227; x_wconf 82' lang='lat' dir='ltr'>dimetrcs</span> <span class='ocrx_word' id='word_1_133' title='bbox 1056 3167 1102 3226; x_wconf 85' lang='lat' dir='ltr'>oet</span> <span class='ocrx_word' id='word_1_134' title='bbox 1117 3168 1302 3229; x_wconf 82' lang='lat' dir='ltr'>octonarios</span> <span class='ocrx_word' id='word_1_135' title='bbox 1317 3171 1475 3232; x_wconf 83' lang='lat' dir='ltr'>antecedit</span> 
     </span>
    </p>
   </div>
   <div class='ocr_carea' id='block_1_9' title="bbox 436 3319 1546 3721">
    <p class='ocr_par' dir='ltr' id='par_1_10' title="bbox 439 3319 1544 3504">
     <span class='ocr_line' id='line_1_24' title="bbox 478 3319 1544 3403; baseline 0.002 -21"><span class='ocrx_word' id='word_1_136' title='bbox 478 3325 523 3383; x_wconf 92' lang='lat' dir='ltr'>De</span> <span class='ocrx_word' id='word_1_137' title='bbox 537 3319 737 3401; x_wconf 84' lang='lat' dir='ltr'>anapaestico</span> <span class='ocrx_word' id='word_1_138' title='bbox 750 3319 881 3380; x_wconf 89' lang='lat' dir='ltr'>dimetro</span> <span class='ocrx_word' id='word_1_139' title='bbox 890 3319 1134 3399; x_wconf 85' lang='lat' dir='ltr'>paroemiacum</span> <span class='ocrx_word' id='word_1_140' title='bbox 1150 3329 1299 3398; x_wconf 86' lang='lat' dir='ltr'>sequente</span> <span class='ocrx_word' id='word_1_141' title='bbox 1313 3341 1419 3403; x_wconf 89' lang='lat' dir='ltr'>supra,</span> <span class='ocrx_word' id='word_1_142' title='bbox 1438 3343 1466 3403; x_wconf 91' lang='lat' dir='ltr'>p.</span> <span class='ocrx_word' id='word_1_143' title='bbox 1480 3325 1544 3391; x_wconf 78' lang='lat'>240,</span> 
     </span>
     <span class='ocr_line' id='line_1_25' title="bbox 439 3430 953 3504; baseline -0.012 -14"><span class='ocrx_word' id='word_1_144' title='bbox 439 3430 640 3491; x_wconf 88' lang='lat' dir='ltr'>dictumest.</span> <span class='ocrx_word' id='word_1_145' title='bbox 665 3495 668 3504; x_wconf 88' lang='lat'>.</span> <span class='ocrx_word' id='word_1_146' title='bbox 950 3487 953 3494; x_wconf 75' lang='grc'>,</span> 
     </span>
    </p>

    <p class='ocr_par' dir='ltr' id='par_1_11' title="bbox 436 3530 1546 3721">
     <span class='ocr_line' id='line_1_26' title="bbox 479 3530 1546 3614; baseline 0.003 -21"><span class='ocrx_word' id='word_1_147' title='bbox 479 3535 566 3594; x_wconf 90' lang='lat' dir='ltr'>Pers.</span> <span class='ocrx_word' id='word_1_148' title='bbox 585 3530 645 3594; x_wconf 82' lang='lat'>490</span> <span class='ocrx_word' id='word_1_149' title='bbox 656 3531 873 3612; x_wconf 88' lang='lat' dir='ltr'>paroemiacus</span> <span class='ocrx_word' id='word_1_150' title='bbox 886 3549 936 3593; x_wconf 91' lang='lat' dir='ltr'>an.</span> <span class='ocrx_word' id='word_1_151' title='bbox 965 3531 1161 3593; x_wconf 89' lang='lat' dir='ltr'>octonarium</span> <span class='ocrx_word' id='word_1_152' title='bbox 1185 3533 1340 3596; x_wconf 89' lang='lat' dir='ltr'>antecedit</span> <span class='ocrx_word' id='word_1_153' title='bbox 1354 3543 1385 3596; x_wconf 89' lang='lat' dir='ltr'>et</span> <span class='ocrx_word' id='word_1_154' title='bbox 1398 3553 1546 3614; x_wconf 89' lang='lat' dir='ltr'>anapaes-</span> 
     </span>
     <span class='ocr_line' id='line_1_27' title="bbox 436 3639 850 3721; baseline -0.01 -17"><span class='ocrx_word' id='word_1_155' title='bbox 436 3643 532 3704; x_wconf 89' lang='lat' dir='ltr'>ticam</span> <span class='ocrx_word' id='word_1_156' title='bbox 552 3639 719 3721; x_wconf 88' lang='lat' dir='ltr'>periodum</span> <span class='ocrx_word' id='word_1_157' title='bbox 735 3640 850 3719; x_wconf 88' lang='lat' dir='ltr'>aperit.</span> 
     </span>
    </p>
   </div>
   <div class='ocr_carea' id='block_1_10' title="bbox 518 3822 1460 3908">
    <p class='ocr_par' dir='ltr' id='par_1_12' title="bbox 518 3822 1460 3908">
     <span class='ocr_line' id='line_1_28' title="bbox 518 3822 1460 3908; baseline -0.013 -12"><span class='ocrx_word' id='word_1_158' title='bbox 518 3837 564 3897; x_wconf 86' lang='lat'>10.</span> <span class='ocrx_word' id='word_1_159' title='bbox 584 3827 832 3908; x_wconf 82' lang='lat' dir='ltr'>Paroemiacanc</span> <span class='ocrx_word' id='word_1_160' title='bbox 863 3843 915 3886; x_wconf 91' lang='lat' dir='ltr'>an.</span> <span class='ocrx_word' id='word_1_161' title='bbox 945 3822 1087 3902; x_wconf 81' lang='lat' dir='ltr'>tripodia</span> <span class='ocrx_word' id='word_1_162' title='bbox 1110 3823 1300 3886; x_wconf 82' lang='lat' dir='ltr'>catalectico</span> <span class='ocrx_word' id='word_1_163' title='bbox 1316 3825 1460 3906; x_wconf 76' lang='lat' dir='ltr'>sepiatur</span> 
     </span>
    </p>
   </div>
   <div class='ocr_carea' id='block_1_11' title="bbox 437 3976 1546 4170">
    <p class='ocr_par' dir='ltr' id='par_1_13' title="bbox 437 3976 1546 4170">
     <span class='ocr_line' id='line_1_29' title="bbox 478 3976 1545 4063; baseline -0.014 -12"><span class='ocrx_word' id='word_1_164' title='bbox 478 3991 551 4051; x_wconf 86' lang='lat' dir='ltr'>Cas.</span> <span class='ocrx_word' id='word_1_165' title='bbox 573 3987 637 4050; x_wconf 41' lang='lat'>1959</span> <span class='ocrx_word' id='word_1_166' title='bbox 652 3981 886 4063; x_wconf 89' lang='lat' dir='ltr'>paroemiacum</span> <span class='ocrx_word' id='word_1_167' title='bbox 902 3989 977 4040; x_wconf 92' lang='lat' dir='ltr'>etv.</span> <span class='ocrx_word' id='word_1_168' title='bbox 1004 3977 1065 4040; x_wconf 88' lang='grc'>960</span> <span class='ocrx_word' id='word_1_169' title='bbox 1078 3995 1129 4038; x_wconf 90' lang='lat' dir='ltr'>an.</span> <span class='ocrx_word' id='word_1_170' title='bbox 1155 3977 1324 4056; x_wconf 90' lang='lat' dir='ltr'>tripodiam</span> <span class='ocrx_word' id='word_1_171' title='bbox 1340 3976 1545 4040; x_wconf 89' lang='lat' dir='ltr'>catalecticam</span> 
     </span>
     <span class='ocr_line' id='line_1_30' title="bbox 437 4077 1546 4170; baseline -0.011 -18"><span class='ocrx_word' id='word_1_172' title='bbox 437 4087 564 4170; x_wconf 83' lang='lat' dir='ltr'>agnovit</span> <span class='ocrx_word' id='word_1_173' title='bbox 586 4083 741 4151; x_wconf 69' lang='lat' dir='ltr'>Klarios,</span> <span class='ocrx_word' id='word_1_174' title='bbox 763 4085 817 4143; x_wconf 90' lang='lat' dir='ltr'>scd</span> <span class='ocrx_word' id='word_1_175' title='bbox 845 4080 935 4141; x_wconf 88' lang='lat' dir='ltr'>libris</span> <span class='ocrx_word' id='word_1_176' title='bbox 958 4081 1092 4141; x_wconf 89' lang='lat' dir='ltr'>ducibus</span> <span class='ocrx_word' id='word_1_177' title='bbox 1108 4097 1170 4139; x_wconf 90' lang='lat' dir='ltr'>uno</span> <span class='ocrx_word' id='word_1_178' title='bbox 1195 4099 1286 4140; x_wconf 86' lang='lat' dir='ltr'>versu</span> <span class='ocrx_word' id='word_1_179' title='bbox 1306 4077 1546 4160; x_wconf 88' lang='lat' dir='ltr'>comprehcndit·</span> 
     </span>
    </p>
   </div>
   <div class='ocr_carea' id='block_1_12' title="bbox 437 4186 1547 4480">
    <p class='ocr_par' dir='ltr' id='par_1_14' title="bbox 437 4186 1547 4480">
     <span class='ocr_line' id='line_1_31' title="bbox 438 4186 1547 4268; baseline -0.014 -8"><span class='ocrx_word' id='word_1_180' title='bbox 438 4201 478 4260; x_wconf 85' lang='lat' dir='ltr'>At</span> <span class='ocrx_word' id='word_1_181' title='bbox 493 4195 594 4260; x_wconf 83' lang='lat' dir='ltr'>v.958</span> <span class='ocrx_word' id='word_1_182' title='bbox 609 4203 638 4255; x_wconf 90' lang='lat' dir='ltr'>ct</span> <span class='ocrx_word' id='word_1_183' title='bbox 653 4213 683 4253; x_wconf 90' lang='lat' dir='ltr'>v.</span> <span class='ocrx_word' id='word_1_184' title='bbox 711 4191 770 4253; x_wconf 77' lang='lat'>962</span> <span class='ocrx_word' id='word_1_185' title='bbox 792 4209 843 4250; x_wconf 90' lang='lat' dir='ltr'>an.</span> <span class='ocrx_word' id='word_1_186' title='bbox 869 4187 1022 4267; x_wconf 91' lang='lat' dir='ltr'>tripodiae</span> <span class='ocrx_word' id='word_1_187' title='bbox 1046 4186 1242 4248; x_wconf 89' lang='lat' dir='ltr'>catalecticae</span> <span class='ocrx_word' id='word_1_188' title='bbox 1266 4205 1341 4248; x_wconf 90' lang='lat' dir='ltr'>sane</span> <span class='ocrx_word' id='word_1_189' title='bbox 1363 4187 1547 4268; x_wconf 87' lang='lat' dir='ltr'>separandae</span> 
     </span>
     <span class='ocr_line' id='line_1_32' title="bbox 437 4289 1543 4370; baseline -0.012 -8"><span class='ocrx_word' id='word_1_190' title='bbox 437 4310 520 4362; x_wconf 89' lang='lat' dir='ltr'>sunt.</span> <span class='ocrx_word' id='word_1_191' title='bbox 536 4301 551 4358; x_wconf 90' lang='lat' dir='ltr'>J</span> <span class='ocrx_word' id='word_1_192' title='bbox 557 4316 613 4358; x_wconf 90' lang='lat' dir='ltr'>ure</span> <span class='ocrx_word' id='word_1_193' title='bbox 647 4305 753 4356; x_wconf 88' lang='lat' dir='ltr'>autern</span> <span class='ocrx_word' id='word_1_194' title='bbox 763 4297 893 4363; x_wconf 79' lang='lat' dir='ltr'>&lt;nie&gt;</span> <span class='ocrx_word' id='word_1_195' title='bbox 908 4291 987 4354; x_wconf 86' lang='lat' dir='ltr'>inter</span> <span class='ocrx_word' id='word_1_196' title='bbox 1002 4290 1165 4370; x_wconf 81' lang='lat' dir='ltr'>protinam</span> <span class='ocrx_word' id='word_1_197' title='bbox 1180 4303 1210 4354; x_wconf 89' lang='lat' dir='ltr'>et</span> <span class='ocrx_word' id='word_1_198' title='bbox 1221 4297 1248 4351; x_wconf 89' lang='lat' dir='ltr'>et</span> <span class='ocrx_word' id='word_1_199' title='bbox 1273 4289 1365 4352; x_wconf 87' lang='lat' dir='ltr'>lacilc</span> <span class='ocrx_word' id='word_1_200' title='bbox 1386 4291 1543 4356; x_wconf 88' lang='lat' dir='ltr'>omissum,</span> 
     </span>
     <span class='ocr_line' id='line_1_33' title="bbox 437 4392 1545 4480; baseline -0.009 -20"><span class='ocrx_word' id='word_1_201' title='bbox 437 4409 583 4480; x_wconf 88' lang='lat' dir='ltr'>poscente</span> <span class='ocrx_word' id='word_1_202' title='bbox 598 4394 763 4467; x_wconf 84' lang='lat' dir='ltr'>sententia,</span> <span class='ocrx_word' id='word_1_203' title='bbox 781 4392 969 4454; x_wconf 89' lang='lat' dir='ltr'>addiderunt</span> <span class='ocrx_word' id='word_1_204' title='bbox 985 4393 1186 4458; x_wconf 85' lang='lat' dir='ltr'>Camerarius</span> <span class='ocrx_word' id='word_1_205' title='bbox 1212 4392 1429 4472; x_wconf 83' lang='lat' dir='ltr'>Klotziusque.</span> <span class='ocrx_word' id='word_1_206' title='bbox 1442 4393 1545 4470; x_wconf 90' lang='lat' dir='ltr'>Neque</span> 
     </span>
    </p>
   </div>
   <div class='ocr_carea' id='block_1_13' title="bbox 357 4495 1543 4585">
    <p class='ocr_par' dir='ltr' id='par_1_15' title="bbox 357 4495 1543 4585">
     <span class='ocr_line' id='line_1_34' title="bbox 357 4495 1543 4585; baseline -0.01 -20"><span class='ocrx_word' id='word_1_207' title='bbox 357 4517 358 4520; x_wconf 75' lang='grc'>’</span> <span class='ocrx_word' id='word_1_208' title='bbox 438 4501 607 4585; x_wconf 90' lang='lat' dir='ltr'>probabilis</span> <span class='ocrx_word' id='word_1_209' title='bbox 634 4501 756 4576; x_wconf 86' lang='lat' dir='ltr'>videtur</span> <span class='ocrx_word' id='word_1_210' title='bbox 787 4496 1075 4559; x_wconf 87' lang='lat' dir='ltr'>Goetzii·Schoellii</span> <span class='ocrx_word' id='word_1_211' title='bbox 1120 4495 1293 4578; x_wconf 91' lang='lat' dir='ltr'>discriptio,</span> <span class='ocrx_word' id='word_1_212' title='bbox 1325 4497 1380 4576; x_wconf 90' lang='lat' dir='ltr'>qui</span> <span class='ocrx_word' id='word_1_213' title='bbox 1411 4517 1456 4558; x_wconf 88' lang='lat' dir='ltr'>me</span> <span class='ocrx_word' id='word_1_214' title='bbox 1488 4511 1543 4556; x_wconf 89' lang='lat' dir='ltr'>nou</span> 
     </span>
    </p>
   </div>
   <div class='ocr_carea' id='block_1_14' title="bbox 437 4608 1542 4793">
    <p class='ocr_par' dir='ltr' id='par_1_16' title="bbox 437 4608 1542 4793">
     <span class='ocr_line' id='line_1_35' title="bbox 437 4608 635 4671; baseline -0.005 0"><span class='ocrx_word' id='word_1_215' title='bbox 437 4608 635 4671; x_wconf 89' lang='lat' dir='ltr'>addiderunt.</span> 
     </span>
     <span class='ocr_line' id='line_1_36' title="bbox 479 4679 1542 4793; baseline -0.006 -17"><span class='ocrx_word' id='word_1_216' title='bbox 479 4718 564 4778; x_wconf 86' lang='lat' dir='ltr'>Mon.</span> <span class='ocrx_word' id='word_1_217' title='bbox 581 4715 639 4778; x_wconf 80' lang='lat'>982</span> <span class='ocrx_word' id='word_1_218' title='bbox 655 4716 673 4776; x_wconf 93' lang='grc'>6</span> <span class='ocrx_word' id='word_1_219' title='bbox 690 4679 916 4793; x_wconf 83' lang='lat' dir='ltr'>paroemiacus,</span> <span class='ocrx_word' id='word_1_220' title='bbox 934 4721 967 4772; x_wconf 93' lang='lat' dir='ltr'>ut</span> <span class='ocrx_word' id='word_1_221' title='bbox 988 4713 1122 4784; x_wconf 88' lang='lat' dir='ltr'>videtur,</span> <span class='ocrx_word' id='word_1_222' title='bbox 1138 4711 1220 4774; x_wconf 91' lang='lat' dir='ltr'>inter</span> <span class='ocrx_word' id='word_1_223' title='bbox 1235 4731 1285 4773; x_wconf 91' lang='lat' dir='ltr'>an.</span> <span class='ocrx_word' id='word_1_224' title='bbox 1303 4711 1455 4792; x_wconf 88' lang='lat' dir='ltr'>tripodias</span> <span class='ocrx_word' id='word_1_225' title='bbox 1472 4718 1542 4772; x_wconf 89' lang='lat' dir='ltr'>cata·</span> 
     </span>
    </p>
   </div>
   <div class='ocr_carea' id='block_1_15' title="bbox 436 4820 829 4886">
    <p class='ocr_par' dir='ltr' id='par_1_17' title="bbox 436 4820 829 4886">
     <span class='ocr_line' id='line_1_37' title="bbox 436 4820 829 4886; baseline -0.018 0"><span class='ocrx_word' id='word_1_226' title='bbox 436 4825 560 4886; x_wconf 87' lang='lat' dir='ltr'>lecticas</span> <span class='ocrx_word' id='word_1_227' title='bbox 576 4825 655 4886; x_wconf 90' lang='lat' dir='ltr'>duas</span> <span class='ocrx_word' id='word_1_228' title='bbox 670 4820 829 4884; x_wconf 88' lang='lat' dir='ltr'>inseritur.</span> 
     </span>
    </p>
   </div>
   <div class='ocr_carea' id='block_1_16' title="bbox 0 0 1730 5622">
    <p class='ocr_par' dir='ltr' id='par_1_18' title="bbox 0 0 1730 5622">
     <span class='ocr_line' id='line_1_38' title="bbox 0 0 1730 5622; baseline 0 0"><span class='ocrx_word' id='word_1_229' title='bbox 0 0 1730 5622; x_wconf 95' lang='lat' dir='ltr'> </span> 
     </span>
    </p>
   </div>
  </div>
 </body>
</html>
