3450 5630
595 1164 731 1238 LIBER
771 1165 964 1238 TERTIUS

633 1490 685 1546 Dc
714 1504 754 1546 re
783 1491 934 1547 metrica

708 1656 858 1667 -ι-

264 1809 438 1874 Reizinnus
458 1829 568 1872 versus
591 1810 713 1891 proprie
736 1811 853 1875 dicitur
874 1813 929 1892 qui
953 1830 970 1873 e
992 1811 1125 1876 dimetro
1153 1809 1290 1876 iambico
1315 1827 1344 1878 et

224 1913 424 1994 anapaestico
444 1913 580 1996 tripodia
603 1913 786 1977 catalectico
806 1924 939 1977 constat.
968 1914 1099 1978 Reizius
1124 1915 1265 1995 quidem,
1282 1919 1340 1997 qui

224 2025 299 2086 huic
311 2023 417 2086 versui
434 2044 528 2086 suurn
550 2042 667 2086 nornen
681 2023 777 2100 dedit,
794 2043 832 2085 cx
853 2023 990 2086 iambico
1010 2023 1142 2086 dimetro
1163 2036 1193 2086 et
1207 2025 1343 2088 iambica

224 2133 359 2213 tripodis
378 2132 559 2195 catalectico
582 2151 656 2194 eum
681 2133 827 2213 componi
852 2134 981 2214 putabat
1006 2133 1097 2212 eique
1122 2135 1244 2197 assensi
1270 2144 1344 2196 sunt

156 2249 158 2252 ·
224 2237 416 2316 nogueres,
448 2236 620 2310 Christus,
651 2238 764 2310 Meta,
784 2227 823 2318 p.
850 2237 920 2310 348,
943 2237 1014 2300 aru.
1052 2239 1115 2300 sur
1138 2239 1340 2321 spongeum,
1391 2219 1394 2228 '

226 2340 387 2418 Reform,
400 2359 431 2421 p.
448 2341 507 2402 294
520 2358 598 2419 seq,
613 2339 842 2402 demonstravit
856 2340 991 2425 alterum
1008 2341 1105 2419 hujus
1120 2361 1231 2404 versus
1245 2341 1344 2405 meni-

230 2443 323 2504 brum
339 2461 402 2506 non
417 2442 590 2506 iambicum
605 2463 685 2518 esso,
703 2447 758 2507 sed
770 2445 1020 2524 anapaesticum,
1037 2429 1154 2527 quippe
1169 2448 1252 2526 quod
1268 2467 1345 2512 ono-

227 2551 375 2630 pacsticis
391 2550 546 2626 versibus,
564 2553 647 2629 quod
663 2553 703 2613 ad
720 2552 899 2630 prosodiam
914 2551 1034 2628 attinet,
1053 2553 1158 2616 simile
1173 2553 1224 2616 sit'.

269 2654 410 2733 Longius
425 2665 532 2716 tamen
557 2673 739 2734 progressus
766 2667 812 2718 est
837 2656 1026 2738 Spengelius
1050 2675 1123 2718 cunr
1146 2660 1347 2721 contenderet

224 2763 404 2826 iambicum
420 2764 590 2826 dimetrum
605 2783 678 2826 cum
689 2763 976 2846 iambicatripodia
990 2767 1171 2830 catalectico
1181 2785 1345 2848 nunquam

225 2867 386 2948 conjungi.
412 2869 556 2930 chtnius
580 2870 665 2932 enim
690 2865 861 2946 (Groneia,
880 2890 909 2949 p.
933 2873 991 2934 517
1018 2871 1098 2952 seq.)
1122 2871 1347 2938 animadvertit

137 3009 161 3024 ·-
226 2975 400 3038 iambicum
417 2976 587 3038 dimetrum
599 2978 777 3038 modocum
788 2978 990 3056 anapaestico
1002 2977 1342 3060 tripodiocotolectica,
1384 3051 1385 3058 ἵ

194 3071 197 3078 ’
227 3085 321 3145 modo
346 3101 420 3144 cum
435 3083 573 3146 iambica
587 3083 725 3166 tripudia
744 3085 935 3155 catalectico.
950 3096 1044 3170 atque
1061 3085 1156 3162 etiam
1178 3086 1345 3166 aliquoties
1407 3154 1411 3160 ,

227 3208 302 3251 cum
317 3191 500 3269 logoocdioo
514 3189 649 3269 tripodio
668 3189 849 3251 catalectico
867 3187 968 3268 jungi.
992 3191 1037 3250 De
1056 3188 1192 3250 iambico
1208 3189 1346 3250 dimetro

227 3319 301 3361 curn
326 3298 529 3377 anapaestico
549 3297 684 3378 tripudia
707 3297 889 3360 catalectico
912 3298 1019 3375 juncto
1045 3296 1263 3358 tantummodo
1290 3296 1343 3357 hic

206 3391 208 3397 ¹
224 3409 337 3487 agitur.
358 3409 420 3470 Sed
433 3427 494 3470 non
510 3407 693 3470 mirandum
707 3417 754 3470 est
766 3405 794 3468 si
809 3401 964 3468 iambicus
978 3405 1110 3468 dimeter
1121 3425 1195 3468 cum
1210 3405 1347 3467 iambico

214 3517 362 3598 ‘tripodis
383 3517 564 3578 catalectico
587 3517 717 3594 junctus
740 3515 888 3578 reizionis
912 3516 1056 3580 versibus
1083 3515 1245 3596 proximus
1269 3533 1344 3575 non·

227 3641 393 3702 nunquam
408 3621 569 3684 invenitur
582 3639 639 3683 nec
652 3619 830 3683 necessario
844 3620 1003 3682 reizionus
1014 3639 1124 3683 versus
1135 3613 1349 3680 restituendus

227 3737 283 3789 est.
302 3727 419 3788 Confer
433 3725 522 3788 Trin.
540 3726 609 3798 255,
624 3723 695 3788 260.
765 3782 767 3788 .

269 3835 323 3923 Sic
334 3835 420 3898 enim
431 3835 463 3896 in
476 3835 664 3897 Aulularioe
675 3851 770 3896 scena
783 3833 858 3913 (ΙΙΙ,
873 3833 1017 3914 2),'quoc
1032 3833 1187 3912 plurimos
1198 3833 1350 3912 deinceps

228 3945 383 4009 reizianos
398 3963 509 4006 vorsus
528 3943 629 4018 offert,
644 3943 790 4006 nonnulli
812 3943 941 4006 iambici
965 3943 1091 4006 dimetri
1115 3962 1189 4004 cum
1212 3942 1348 4005 iambica

176 4093 179 4100 -
228 4051 363 4133 tripodia
377 4052 560 4115 catalectico
574 4051 685 4130 juncti,
701 4051 727 4112 si
743 4050 832 4112 libris
847 4050 995 4126 creditur,
1008 4036 1211 4113 inseruntur:
1231 4071 1262 4112 v.
1274 4053 1345 4120 415,

228 4162 302 4235 417,
312 4162 383 4235 421,
399 4161 469 4222 427.
488 4161 550 4221 Eos
565 4177 676 4222 versus
696 4159 885 4238 Spengelius
897 4155 1010 4223 ceteris
1029 4160 1125 4238 hujus
1147 4159 1263 4222 cantici
1278 4177 1347 4220 ver-

228 4270 328 4342 sibus,
355 4269 409 4349 qui
430 4267 560 4331 reizioni
576 4278 660 4344 suut,
681 4268 803 4332 similes
826 4269 985 4331 faciendos
1010 4287 1078 4331 esse
1099 4267 1248 4330 defendit.
1272 4272 1351 4332 Jurc

226 4375 356 4455 quidem
372 4395 403 4436 v.
419 4377 477 4436 421
493 4372 666 4439 correxisse
680 4373 812 4440 videtur,
831 4375 1020 4437 assentiente
1035 4375 1173 4449 Klotzio,
1190 4373 1349 4443 Grunda„

226 4503 261 4563 p.
279 4485 337 4545 521
361 4505 367 4544 :
394 4501 451 4564 pro
467 4482 583 4546 tradito
610 4501 662 4542 res
684 4480 754 4562 ipsu
777 4481 867 4543 testis
888 4486 934 4542 est
948 4482 1042 4548 focile
1066 4502 1118 4543 ros
1138 4481 1241 4561 ipsust
1260 4479 1350 4542 testis

227 4587 386 4651 scribitur.
400 4589 489 4650 Adde
499 4587 584 4668 quod
595 4605 624 4645 v.
640 4587 699 4647 421
710 4595 740 4647 et
750 4587 838 4647 caca
849 4586 1029 4666 Congrione
1041 4586 1115 4648 dicti
1133 4584 1277 4649 versibus
1287 4582 1351 4646 419

226 4706 257 4758 et
269 4697 330 4757 420
343 4697 383 4758 ab
399 4695 552 4756 Euclione
566 4693 659 4756 dictis
681 4695 871 4775 respondere
891 4693 1038 4758 videntur
1061 4701 1092 4754 et
1116 4683 1228 4756 eodem
1249 4700 1352 4753 metro

227 4825 278 4870 eos
294 4808 440 4888 componi
457 4804 630 4869 verisimile
644 4814 701 4867 cst.
730 4841 732 4848 ·
