<?xml version="1.0" encoding="UTF-8"?>
<!DOCTYPE html PUBLIC "-//W3C//DTD XHTML 1.0 Transitional//EN"
    "http://www.w3.org/TR/xhtml1/DTD/xhtml1-transitional.dtd">
<html xmlns="http://www.w3.org/1999/xhtml" xml:lang="en" lang="en">
 <head>
  <title>
</title>
<meta http-equiv="Content-Type" content="text/html;charset=utf-8" />
  <meta name='ocr-system' content='tesseract 3.04.00' />
  <meta name='ocr-capabilities' content='ocr_page ocr_carea ocr_par ocr_line ocrx_word'/>
</head>
<body>
  <div class='ocr_page' id='page_1' title='image "./deplautinisanap00audogoog_0118.png"; bbox 0 0 3446 5626; ppageno 0'>
   <div class='ocr_carea' id='block_1_1' title="bbox 641 637 1331 754">
    <p class='ocr_par' dir='ltr' id='par_1_1' title="bbox 641 637 1331 754">
     <span class='ocr_line' id='line_1_1' title="bbox 641 637 1331 699; baseline 0.004 -3"><span class='ocrx_word' id='word_1_1' title='bbox 641 654 681 696; x_wconf 78' lang='lat' dir='ltr'>nn</span> <span class='ocrx_word' id='word_1_2' title='bbox 704 653 746 696; x_wconf 80' lang='lat' dir='ltr'>nn</span> <span class='ocrx_word' id='word_1_3' title='bbox 767 653 907 696; x_wconf 71' lang='lat' dir='ltr'>narnien</span> <span class='ocrx_word' id='word_1_4' title='bbox 1290 637 1331 699; x_wconf 89' lang='grc'>99</span> 
     </span>
     <span class='ocr_line' id='line_1_2' title="bbox 654 722 664 754; baseline 0 0"><span class='ocrx_word' id='word_1_5' title='bbox 654 722 664 754; x_wconf 77' lang='grc'>1</span> 
     </span>
    </p>
   </div>
   <div class='ocr_carea' id='block_1_2' title="bbox 207 791 1329 1088">
    <p class='ocr_par' dir='ltr' id='par_1_2' title="bbox 207 791 1329 1088">
     <span class='ocr_line' id='line_1_3' title="bbox 248 791 1329 874; baseline 0.006 -21"><span class='ocrx_word' id='word_1_6' title='bbox 248 793 338 856; x_wconf 87' lang='lat' dir='ltr'>Pers.</span> <span class='ocrx_word' id='word_1_7' title='bbox 349 791 491 855; x_wconf 85' lang='lat'>175-180</span> <span class='ocrx_word' id='word_1_8' title='bbox 506 792 560 855; x_wconf 85' lang='lat' dir='ltr'>se&#39;x</span> <span class='ocrx_word' id='word_1_9' title='bbox 569 791 694 856; x_wconf 91' lang='lat' dir='ltr'>dimetri</span> <span class='ocrx_word' id='word_1_10' title='bbox 711 793 886 856; x_wconf 80' lang='lat' dir='ltr'>octonarios</span> <span class='ocrx_word' id='word_1_11' title='bbox 901 804 1077 874; x_wconf 87' lang='lat' dir='ltr'>sequuntur</span> <span class='ocrx_word' id='word_1_12' title='bbox 1090 806 1120 857; x_wconf 90' lang='lat' dir='ltr'>et</span> <span class='ocrx_word' id='word_1_13' title='bbox 1135 797 1329 874; x_wconf 80' lang='lat' dir='ltr'>septenarios</span> 
     </span>
     <span class='ocr_line' id='line_1_4' title="bbox 207 900 1236 962; baseline 0 0"><span class='ocrx_word' id='word_1_14' title='bbox 207 900 407 962; x_wconf 86' lang='lat' dir='ltr'>antecedunt.</span> <span class='ocrx_word' id='word_1_15' title='bbox 1233 955 1236 962; x_wconf 90' lang='grc'><strong><em>,</em></strong></span> 
     </span>
     <span class='ocr_line' id='line_1_5' title="bbox 248 1005 1327 1088; baseline 0.002 -20"><span class='ocrx_word' id='word_1_16' title='bbox 248 1008 334 1070; x_wconf 79' lang='lat' dir='ltr'>nuo.</span> <span class='ocrx_word' id='word_1_17' title='bbox 349 1005 484 1069; x_wconf 76' lang='grc'>956959</span> <span class='ocrx_word' id='word_1_18' title='bbox 495 1016 564 1067; x_wconf 91' lang='lat' dir='ltr'>octo</span> <span class='ocrx_word' id='word_1_19' title='bbox 573 1005 698 1068; x_wconf 85' lang='lat' dir='ltr'>dimetri</span> <span class='ocrx_word' id='word_1_20' title='bbox 717 1005 951 1088; x_wconf 87' lang='lat' dir='ltr'>paroemiacum</span> <span class='ocrx_word' id='word_1_21' title='bbox 968 1017 1144 1087; x_wconf 87' lang='lat' dir='ltr'>sequuntur</span> <span class='ocrx_word' id='word_1_22' title='bbox 1158 1018 1188 1070; x_wconf 89' lang='lat' dir='ltr'>et</span> <span class='ocrx_word' id='word_1_23' title='bbox 1204 1017 1327 1070; x_wconf 86' lang='lat' dir='ltr'>octona·</span> 
     </span>
    </p>
   </div>
   <div class='ocr_carea' id='block_1_3' title="bbox 204 1125 1328 1398">
    <p class='ocr_par' dir='ltr' id='par_1_3' title="bbox 204 1125 1328 1398">
     <span class='ocr_line' id='line_1_6' title="bbox 206 1125 484 1188; baseline 0.004 -2"><span class='ocrx_word' id='word_1_24' title='bbox 206 1125 270 1188; x_wconf 91' lang='lat' dir='ltr'>rios</span> <span class='ocrx_word' id='word_1_25' title='bbox 282 1127 484 1188; x_wconf 88' lang='lat' dir='ltr'>antecedunt.</span> 
     </span>
     <span class='ocr_line' id='line_1_7' title="bbox 248 1227 1328 1310; baseline 0.003 -19"><span class='ocrx_word' id='word_1_26' title='bbox 248 1227 348 1292; x_wconf 89' lang='lat' dir='ltr'>Stich.</span> <span class='ocrx_word' id='word_1_27' title='bbox 373 1228 547 1290; x_wconf 68' lang='lat' dir='ltr'>eece-3261&gt;</span> <span class='ocrx_word' id='word_1_28' title='bbox 557 1228 773 1308; x_wconf 87' lang='lat' dir='ltr'>paroemiacos</span> <span class='ocrx_word' id='word_1_29' title='bbox 790 1239 964 1310; x_wconf 89' lang='lat' dir='ltr'>sequuntur</span> <span class='ocrx_word' id='word_1_30' title='bbox 979 1239 1010 1292; x_wconf 91' lang='lat' dir='ltr'>et</span> <span class='ocrx_word' id='word_1_31' title='bbox 1023 1230 1240 1310; x_wconf 85' lang='lat' dir='ltr'>septenarium</span> <span class='ocrx_word' id='word_1_32' title='bbox 1267 1251 1328 1294; x_wconf 90' lang='lat' dir='ltr'>an-</span> 
     </span>
     <span class='ocr_line' id='line_1_8' title="bbox 204 1335 366 1398; baseline -0.012 0"><span class='ocrx_word' id='word_1_33' title='bbox 204 1335 366 1398; x_wconf 87' lang='lat' dir='ltr'>tecedunt.</span> 
     </span>
    </p>
   </div>
   <div class='ocr_carea' id='block_1_4' title="bbox 431 1521 1099 1604">
    <p class='ocr_par' dir='ltr' id='par_1_4' title="bbox 431 1521 1099 1604">
     <span class='ocr_line' id='line_1_9' title="bbox 431 1521 1099 1604; baseline 0.006 -22"><span class='ocrx_word' id='word_1_34' title='bbox 431 1525 460 1584; x_wconf 81' lang='lat'>4.</span> <span class='ocrx_word' id='word_1_35' title='bbox 478 1521 620 1583; x_wconf 85' lang='lat' dir='ltr'>Dimetri</span> <span class='ocrx_word' id='word_1_36' title='bbox 633 1541 704 1582; x_wconf 82' lang='lat' dir='ltr'>cum</span> <span class='ocrx_word' id='word_1_37' title='bbox 715 1522 1099 1604; x_wconf 68' lang='lat' dir='ltr'>oaccoiaoisjonqontor.</span> 
     </span>
    </p>
   </div>
   <div class='ocr_carea' id='block_1_5' title="bbox 204 1702 1327 2102">
    <p class='ocr_par' dir='ltr' id='par_1_5' title="bbox 205 1702 1327 1886">
     <span class='ocr_line' id='line_1_10' title="bbox 245 1702 1327 1784; baseline 0.003 -18"><span class='ocrx_word' id='word_1_38' title='bbox 245 1705 318 1766; x_wconf 83' lang='lat' dir='ltr'>Cas.</span> <span class='ocrx_word' id='word_1_39' title='bbox 334 1702 467 1765; x_wconf 87' lang='grc'>660-661</span> <span class='ocrx_word' id='word_1_40' title='bbox 493 1703 556 1765; x_wconf 89' lang='lat' dir='ltr'>duo</span> <span class='ocrx_word' id='word_1_41' title='bbox 574 1703 701 1766; x_wconf 91' lang='lat' dir='ltr'>dimetri</span> <span class='ocrx_word' id='word_1_42' title='bbox 743 1702 823 1766; x_wconf 91' lang='lat' dir='ltr'>inter</span> <span class='ocrx_word' id='word_1_43' title='bbox 848 1704 1032 1768; x_wconf 84' lang='lat' dir='ltr'>bacchiacos</span> <span class='ocrx_word' id='word_1_44' title='bbox 1057 1704 1119 1784; x_wconf 84' lang='lat' dir='ltr'>(vel</span> <span class='ocrx_word' id='word_1_45' title='bbox 1144 1705 1327 1769; x_wconf 88' lang='lat' dir='ltr'>bacchiaco·</span> 
     </span>
     <span class='ocr_line' id='line_1_11' title="bbox 205 1807 706 1886; baseline -0.002 -15"><span class='ocrx_word' id='word_1_46' title='bbox 205 1807 370 1886; x_wconf 81' lang='lat' dir='ltr'>iambicos)</span> <span class='ocrx_word' id='word_1_47' title='bbox 386 1825 498 1870; x_wconf 87' lang='lat' dir='ltr'>versus</span> <span class='ocrx_word' id='word_1_48' title='bbox 512 1807 706 1872; x_wconf 86' lang='lat' dir='ltr'>inseruntur.</span> 
     </span>
    </p>

    <p class='ocr_par' dir='ltr' id='par_1_6' title="bbox 204 1913 1323 2102">
     <span class='ocr_line' id='line_1_12' title="bbox 244 1913 1323 1997; baseline 0.001 -20"><span class='ocrx_word' id='word_1_49' title='bbox 244 1914 324 1978; x_wconf 84' lang='lat' dir='ltr'>Cist.</span> <span class='ocrx_word' id='word_1_50' title='bbox 341 1913 475 1978; x_wconf 84' lang='grc'>688-689</span> <span class='ocrx_word' id='word_1_51' title='bbox 488 1923 551 1977; x_wconf 91' lang='lat' dir='ltr'>tres</span> <span class='ocrx_word' id='word_1_52' title='bbox 576 1915 703 1978; x_wconf 91' lang='lat' dir='ltr'>dimetri</span> <span class='ocrx_word' id='word_1_53' title='bbox 733 1915 918 1980; x_wconf 87' lang='lat' dir='ltr'>bacchiaoos</span> <span class='ocrx_word' id='word_1_54' title='bbox 932 1925 1129 1981; x_wconf 86' lang='lat' dir='ltr'>tetrametros</span> <span class='ocrx_word' id='word_1_55' title='bbox 1145 1927 1323 1997; x_wconf 83' lang='lat' dir='ltr'>sequuntur·</span> 
     </span>
     <span class='ocr_line' id='line_1_13' title="bbox 204 2022 924 2102; baseline 0.003 -18"><span class='ocrx_word' id='word_1_56' title='bbox 204 2022 341 2102; x_wconf 89' lang='lat' dir='ltr'>itemque</span> <span class='ocrx_word' id='word_1_57' title='bbox 357 2024 456 2085; x_wconf 87' lang='lat' dir='ltr'>Mero.</span> <span class='ocrx_word' id='word_1_58' title='bbox 468 2024 603 2086; x_wconf 80' lang='lat'><strong>337·340</strong></span> <span class='ocrx_word' id='word_1_59' title='bbox 618 2032 766 2102; x_wconf 90' lang='lat' dir='ltr'>quattuor</span> <span class='ocrx_word' id='word_1_60' title='bbox 785 2022 924 2087; x_wconf 90' lang='lat' dir='ltr'>dimetri.</span> 
     </span>
    </p>
   </div>
   <div class='ocr_carea' id='block_1_6' title="bbox 465 2239 1084 2321">
    <p class='ocr_par' dir='ltr' id='par_1_7' title="bbox 465 2239 1084 2321">
     <span class='ocr_line' id='line_1_14' title="bbox 465 2239 1084 2321; baseline 0 -18"><span class='ocrx_word' id='word_1_61' title='bbox 465 2243 495 2303; x_wconf 88' lang='grc'>5.</span> <span class='ocrx_word' id='word_1_62' title='bbox 511 2239 653 2301; x_wconf 83' lang='lat' dir='ltr'>Dimetrr&#39;</span> <span class='ocrx_word' id='word_1_63' title='bbox 668 2260 739 2301; x_wconf 82' lang='lat' dir='ltr'>oum</span> <span class='ocrx_word' id='word_1_64' title='bbox 754 2239 1084 2321; x_wconf 72' lang='lat' dir='ltr'>creticisjnaynntnr.</span> 
     </span>
    </p>
   </div>
   <div class='ocr_carea' id='block_1_7' title="bbox 204 2429 1325 2615">
    <p class='ocr_par' dir='ltr' id='par_1_8' title="bbox 204 2429 1325 2615">
     <span class='ocr_line' id='line_1_15' title="bbox 244 2429 1325 2510; baseline 0.002 -19"><span class='ocrx_word' id='word_1_65' title='bbox 244 2430 323 2503; x_wconf 75' lang='lat' dir='ltr'>Gist.</span> <span class='ocrx_word' id='word_1_66' title='bbox 353 2429 491 2506; x_wconf 57' lang='grc'>688-689,</span> <span class='ocrx_word' id='word_1_67' title='bbox 501 2440 564 2492; x_wconf 88' lang='lat' dir='ltr'>tres</span> <span class='ocrx_word' id='word_1_68' title='bbox 584 2429 711 2493; x_wconf 90' lang='lat' dir='ltr'>dimetri</span> <span class='ocrx_word' id='word_1_69' title='bbox 727 2448 806 2510; x_wconf 91' lang='lat' dir='ltr'>quos</span> <span class='ocrx_word' id='word_1_70' title='bbox 828 2438 897 2509; x_wconf 88' lang='lat' dir='ltr'>post</span> <span class='ocrx_word' id='word_1_71' title='bbox 924 2431 1110 2494; x_wconf 87' lang='lat' dir='ltr'>bacchiaoos</span> <span class='ocrx_word' id='word_1_72' title='bbox 1129 2439 1325 2493; x_wconf 86' lang='lat' dir='ltr'>tetrametros</span> 
     </span>
     <span class='ocr_line' id='line_1_16' title="bbox 204 2532 1322 2615; baseline 0.002 -21"><span class='ocrx_word' id='word_1_73' title='bbox 204 2533 278 2615; x_wconf 87' lang='lat' dir='ltr'>poni</span> <span class='ocrx_word' id='word_1_74' title='bbox 289 2553 385 2614; x_wconf 86' lang='lat' dir='ltr'>supra</span> <span class='ocrx_word' id='word_1_75' title='bbox 400 2532 551 2603; x_wconf 85' lang='lat' dir='ltr'>vidimus,</span> <span class='ocrx_word' id='word_1_76' title='bbox 565 2533 717 2597; x_wconf 89' lang='lat' dir='ltr'>creticum</span> <span class='ocrx_word' id='word_1_77' title='bbox 731 2544 948 2596; x_wconf 87' lang='lat' dir='ltr'>tetrametrum</span> <span class='ocrx_word' id='word_1_78' title='bbox 962 2537 1152 2599; x_wconf 90' lang='lat' dir='ltr'>antecedunt</span> <span class='ocrx_word' id='word_1_79' title='bbox 1178 2546 1208 2598; x_wconf 86' lang='lat' dir='ltr'>ct</span> <span class='ocrx_word' id='word_1_80' title='bbox 1222 2553 1240 2596; x_wconf 92' lang='lat' dir='ltr'>a</span> <span class='ocrx_word' id='word_1_81' title='bbox 1255 2537 1322 2597; x_wconf 86' lang='lat' dir='ltr'>bac·</span> 
     </span>
    </p>
   </div>
   <div class='ocr_carea' id='block_1_8' title="bbox 203 2642 977 2708">
    <p class='ocr_par' dir='ltr' id='par_1_9' title="bbox 203 2642 977 2708">
     <span class='ocr_line' id='line_1_17' title="bbox 203 2642 977 2708; baseline 0 -2"><span class='ocrx_word' id='word_1_82' title='bbox 203 2644 313 2706; x_wconf 89' lang='lat' dir='ltr'>chiaco</span> <span class='ocrx_word' id='word_1_83' title='bbox 328 2655 427 2707; x_wconf 91' lang='lat' dir='ltr'>metro</span> <span class='ocrx_word' id='word_1_84' title='bbox 438 2647 478 2707; x_wconf 88' lang='lat' dir='ltr'>ad</span> <span class='ocrx_word' id='word_1_85' title='bbox 494 2642 648 2708; x_wconf 87' lang='lat' dir='ltr'>creticum</span> <span class='ocrx_word' id='word_1_86' title='bbox 661 2645 831 2708; x_wconf 83' lang='lat' dir='ltr'><strong>transitum</strong></span> <span class='ocrx_word' id='word_1_87' title='bbox 844 2644 977 2707; x_wconf 88' lang='lat' dir='ltr'>iaciunt.</span> 
     </span>
    </p>
   </div>
   <div class='ocr_carea' id='block_1_9' title="bbox 452 2836 1116 2932">
    <p class='ocr_par' dir='ltr' id='par_1_10' title="bbox 452 2836 1116 2932">
     <span class='ocr_line' id='line_1_18' title="bbox 452 2836 1116 2932; baseline 0 -18"><span class='ocrx_word' id='word_1_88' title='bbox 452 2851 483 2914; x_wconf 87' lang='lat'>6.</span> <span class='ocrx_word' id='word_1_89' title='bbox 501 2836 642 2914; x_wconf 80' lang='lat' dir='ltr'>Dimctri</span> <span class='ocrx_word' id='word_1_90' title='bbox 657 2872 727 2912; x_wconf 81' lang='lat' dir='ltr'>eum</span> <span class='ocrx_word' id='word_1_91' title='bbox 737 2851 911 2914; x_wconf 79' lang='lat' dir='ltr'>trochaicis</span> <span class='ocrx_word' id='word_1_92' title='bbox 920 2852 1116 2932; x_wconf 67' lang='lat' dir='ltr'>jonyontor.</span> 
     </span>
    </p>
   </div>
   <div class='ocr_carea' id='block_1_10' title="bbox 242 3037 1323 3118">
    <p class='ocr_par' dir='ltr' id='par_1_11' title="bbox 242 3037 1323 3118">
     <span class='ocr_line' id='line_1_19' title="bbox 242 3037 1323 3118; baseline -0.001 -19"><span class='ocrx_word' id='word_1_93' title='bbox 242 3039 329 3101; x_wconf 86' lang='lat' dir='ltr'>Trin.</span> <span class='ocrx_word' id='word_1_94' title='bbox 346 3038 476 3100; x_wconf 84' lang='grc'>249-251</span> <span class='ocrx_word' id='word_1_95' title='bbox 494 3047 556 3100; x_wconf 89' lang='lat' dir='ltr'>tres</span> <span class='ocrx_word' id='word_1_96' title='bbox 571 3039 721 3100; x_wconf 88' lang='lat' dir='ltr'>dimetros</span> <span class='ocrx_word' id='word_1_97' title='bbox 736 3039 816 3116; x_wconf 83' lang='lat' dir='ltr'>jure,</span> <span class='ocrx_word' id='word_1_98' title='bbox 831 3048 864 3100; x_wconf 89' lang='lat' dir='ltr'>ut</span> <span class='ocrx_word' id='word_1_99' title='bbox 885 3039 1019 3110; x_wconf 89' lang='lat' dir='ltr'>videtur,</span> <span class='ocrx_word' id='word_1_100' title='bbox 1041 3037 1202 3117; x_wconf 77' lang='lat' dir='ltr'><strong>discripsit</strong></span> <span class='ocrx_word' id='word_1_101' title='bbox 1218 3039 1323 3118; x_wconf 90' lang='lat' dir='ltr'>Spen-</span> 
     </span>
    </p>
   </div>
   <div class='ocr_carea' id='block_1_11' title="bbox 201 3145 1323 3434">
    <p class='ocr_par' dir='ltr' id='par_1_12' title="bbox 201 3145 1323 3434">
     <span class='ocr_line' id='line_1_20' title="bbox 201 3145 1323 3228; baseline -0.003 -19"><span class='ocrx_word' id='word_1_102' title='bbox 201 3148 315 3228; x_wconf 78' lang='lat' dir='ltr'>g&#39;eliuS,</span> <span class='ocrx_word' id='word_1_103' title='bbox 327 3147 470 3225; x_wconf 82' lang='lat' dir='ltr'>Reform.</span> <span class='ocrx_word' id='word_1_104' title='bbox 481 3145 526 3224; x_wconf 85' lang='grc' dir='ltr'><strong>,“ρ.</strong></span> <span class='ocrx_word' id='word_1_105' title='bbox 545 3145 584 3208; x_wconf 90' lang='grc'>58</span> <span class='ocrx_word' id='word_1_106' title='bbox 600 3163 664 3226; x_wconf 80' lang='lat' dir='ltr'>seq:</span> <span class='ocrx_word' id='word_1_107' title='bbox 679 3145 765 3207; x_wconf 90' lang='lat' dir='ltr'>Nam</span> <span class='ocrx_word' id='word_1_108' title='bbox 781 3155 854 3207; x_wconf 85' lang='lat' dir='ltr'>crat.</span> <span class='ocrx_word' id='word_1_109' title='bbox 873 3155 1066 3208; x_wconf 88' lang='lat' dir='ltr'>tetrametros</span> <span class='ocrx_word' id='word_1_110' title='bbox 1082 3155 1142 3208; x_wconf 89' lang='lat' dir='ltr'>cat.</span> <span class='ocrx_word' id='word_1_111' title='bbox 1153 3145 1323 3207; x_wconf 80' lang='lat' dir='ltr'><strong>discribere</strong></span> 
     </span>
     <span class='ocr_line' id='line_1_21' title="bbox 203 3249 1323 3331; baseline -0.003 -18"><span class='ocrx_word' id='word_1_112' title='bbox 203 3270 265 3314; x_wconf 92' lang='lat' dir='ltr'>non</span> <span class='ocrx_word' id='word_1_113' title='bbox 282 3250 394 3331; x_wconf 88' lang='lat' dir='ltr'>possis,</span> <span class='ocrx_word' id='word_1_114' title='bbox 418 3249 479 3311; x_wconf 90' lang='lat' dir='ltr'>nisi</span> <span class='ocrx_word' id='word_1_115' title='bbox 505 3250 538 3310; x_wconf 94' lang='lat' dir='ltr'>in</span> <span class='ocrx_word' id='word_1_116' title='bbox 567 3269 597 3310; x_wconf 90' lang='lat' dir='ltr'>v.</span> <span class='ocrx_word' id='word_1_117' title='bbox 620 3251 744 3312; x_wconf 83' lang='lat' dir='ltr'>249ch</span> <span class='ocrx_word' id='word_1_118' title='bbox 768 3269 841 3311; x_wconf 89' lang='lat' dir='ltr'>cum</span> <span class='ocrx_word' id='word_1_119' title='bbox 872 3251 1056 3312; x_wconf 85' lang='lat' dir='ltr'>Hermanno</span> <span class='ocrx_word' id='word_1_120' title='bbox 1087 3250 1323 3330; x_wconf 84' lang='lat' dir='ltr'>Ritschclioque</span> 
     </span>
     <span class='ocr_line' id='line_1_22' title="bbox 203 3352 1321 3434; baseline 0.001 -19"><span class='ocrx_word' id='word_1_121' title='bbox 203 3353 354 3432; x_wconf 79' lang='lat' dir='ltr'>amplicat</span> <span class='ocrx_word' id='word_1_122' title='bbox 363 3352 503 3433; x_wconf 85' lang='lat' dir='ltr'>corrigas</span> <span class='ocrx_word' id='word_1_123' title='bbox 523 3356 573 3416; x_wconf 88' lang='lat' dir='ltr'>vel</span> <span class='ocrx_word' id='word_1_124' title='bbox 587 3372 662 3414; x_wconf 93' lang='lat' dir='ltr'>cum</span> <span class='ocrx_word' id='word_1_125' title='bbox 678 3354 981 3417; x_wconf 86' lang='lat' dir='ltr'>Goctaio·Schocllio</span> <span class='ocrx_word' id='word_1_126' title='bbox 996 3353 1134 3434; x_wconf 75' lang='lat' dir='ltr'>amplias</span> <span class='ocrx_word' id='word_1_127' title='bbox 1150 3353 1246 3414; x_wconf 83' lang='lat' dir='ltr'>etiam</span> <span class='ocrx_word' id='word_1_128' title='bbox 1260 3371 1321 3416; x_wconf 91' lang='lat' dir='ltr'>me·</span> 
     </span>
    </p>
   </div>
   <div class='ocr_carea' id='block_1_12' title="bbox 203 3462 1323 3654">
    <p class='ocr_par' dir='ltr' id='par_1_13' title="bbox 203 3462 1323 3654">
     <span class='ocr_line' id='line_1_23' title="bbox 203 3462 1323 3542; baseline -0.004 -15"><span class='ocrx_word' id='word_1_129' title='bbox 203 3463 291 3527; x_wconf 89' lang='lat' dir='ltr'>tiaris</span> <span class='ocrx_word' id='word_1_130' title='bbox 305 3463 379 3526; x_wconf 90' lang='lat' dir='ltr'>etin</span> <span class='ocrx_word' id='word_1_131' title='bbox 400 3484 429 3524; x_wconf 93' lang='lat' dir='ltr'>v.</span> <span class='ocrx_word' id='word_1_132' title='bbox 456 3462 511 3524; x_wconf 83' lang='lat'>251</span> <span class='ocrx_word' id='word_1_133' title='bbox 535 3463 725 3526; x_wconf 89' lang='lat' dir='ltr'>nominativi</span> <span class='ocrx_word' id='word_1_134' title='bbox 733 3464 867 3542; x_wconf 83' lang='lat' dir='ltr'>familia</span> <span class='ocrx_word' id='word_1_135' title='bbox 894 3463 1040 3526; x_wconf 89' lang='lat' dir='ltr'>ultimam</span> <span class='ocrx_word' id='word_1_136' title='bbox 1067 3466 1224 3541; x_wconf 88' lang='lat' dir='ltr'>syllabam</span> <span class='ocrx_word' id='word_1_137' title='bbox 1257 3463 1323 3523; x_wconf 93' lang='lat' dir='ltr'>lon·</span> 
     </span>
     <span class='ocr_line' id='line_1_24' title="bbox 203 3569 1321 3654; baseline -0.001 -21"><span class='ocrx_word' id='word_1_138' title='bbox 203 3591 275 3654; x_wconf 85' lang='lat' dir='ltr'>gam</span> <span class='ocrx_word' id='word_1_139' title='bbox 287 3589 356 3633; x_wconf 91' lang='lat' dir='ltr'>esse</span> <span class='ocrx_word' id='word_1_140' title='bbox 370 3570 553 3636; x_wconf 84' lang='lat' dir='ltr'>contendas.</span> <span class='ocrx_word' id='word_1_141' title='bbox 571 3573 619 3634; x_wconf 81' lang='lat' dir='ltr'>Ad</span> <span class='ocrx_word' id='word_1_142' title='bbox 629 3573 707 3633; x_wconf 88' lang='lat' dir='ltr'>haec</span> <span class='ocrx_word' id='word_1_143' title='bbox 718 3590 748 3631; x_wconf 92' lang='lat' dir='ltr'>v.</span> <span class='ocrx_word' id='word_1_144' title='bbox 766 3573 824 3632; x_wconf 89' lang='grc'>248</span> <span class='ocrx_word' id='word_1_145' title='bbox 838 3591 890 3633; x_wconf 90' lang='lat' dir='ltr'>an.</span> <span class='ocrx_word' id='word_1_146' title='bbox 913 3571 1042 3652; x_wconf 83' lang='lat' dir='ltr'>dipodia</span> <span class='ocrx_word' id='word_1_147' title='bbox 1055 3590 1123 3634; x_wconf 91' lang='lat' dir='ltr'>esse</span> <span class='ocrx_word' id='word_1_148' title='bbox 1134 3573 1265 3632; x_wconf 88' lang='lat' dir='ltr'>videtur.</span> <span class='ocrx_word' id='word_1_149' title='bbox 1281 3569 1321 3632; x_wconf 88' lang='lat' dir='ltr'>lli</span> 
     </span>
    </p>
   </div>
   <div class='ocr_carea' id='block_1_13' title="bbox 201 3678 1323 3864">
    <p class='ocr_par' dir='ltr' id='par_1_14' title="bbox 201 3678 1323 3864">
     <span class='ocr_line' id='line_1_25' title="bbox 201 3678 1322 3760; baseline -0.001 -19"><span class='ocrx_word' id='word_1_150' title='bbox 201 3681 302 3756; x_wconf 82' lang='lat' dir='ltr'>igitur</span> <span class='ocrx_word' id='word_1_151' title='bbox 316 3680 477 3760; x_wconf 86' lang='lat' dir='ltr'>anapaesti</span> <span class='ocrx_word' id='word_1_152' title='bbox 488 3681 527 3741; x_wconf 89' lang='lat' dir='ltr'>ab</span> <span class='ocrx_word' id='word_1_153' title='bbox 536 3679 673 3742; x_wconf 86' lang='lat' dir='ltr'>iambico</span> <span class='ocrx_word' id='word_1_154' title='bbox 688 3681 821 3743; x_wconf 86' lang='lat' dir='ltr'>dimetro</span> <span class='ocrx_word' id='word_1_155' title='bbox 836 3695 878 3758; x_wconf 68' lang='lat' dir='ltr'>tv.</span> <span class='ocrx_word' id='word_1_156' title='bbox 889 3681 959 3754; x_wconf 81' lang='grc'>247)</span> <span class='ocrx_word' id='word_1_157' title='bbox 970 3682 1010 3742; x_wconf 90' lang='lat' dir='ltr'>ad</span> <span class='ocrx_word' id='word_1_158' title='bbox 1023 3678 1197 3742; x_wconf 91' lang='lat' dir='ltr'>trochaicos</span> <span class='ocrx_word' id='word_1_159' title='bbox 1209 3678 1250 3759; x_wconf 88' lang='lat' dir='ltr'>(v.</span> <span class='ocrx_word' id='word_1_160' title='bbox 1260 3681 1322 3741; x_wconf 90' lang='grc'>252</span> 
     </span>
     <span class='ocr_line' id='line_1_26' title="bbox 201 3781 1323 3864; baseline -0.002 -18"><span class='ocrx_word' id='word_1_161' title='bbox 201 3784 301 3846; x_wconf 86' lang='lat' dir='ltr'>trooh.</span> <span class='ocrx_word' id='word_1_162' title='bbox 326 3782 537 3854; x_wconf 87' lang='lat' dir='ltr'>octonarium,</span> <span class='ocrx_word' id='word_1_163' title='bbox 559 3805 590 3846; x_wconf 92' lang='lat' dir='ltr'>v.</span> <span class='ocrx_word' id='word_1_164' title='bbox 618 3783 676 3844; x_wconf 83' lang='lat'>253</span> <span class='ocrx_word' id='word_1_165' title='bbox 702 3785 801 3846; x_wconf 88' lang='lat' dir='ltr'>troch.</span> <span class='ocrx_word' id='word_1_166' title='bbox 824 3781 1063 3864; x_wconf 84' lang='lat' dir='ltr'>septenarium),</span> <span class='ocrx_word' id='word_1_167' title='bbox 1080 3801 1159 3863; x_wconf 92' lang='lat' dir='ltr'>quos</span> <span class='ocrx_word' id='word_1_168' title='bbox 1179 3783 1323 3863; x_wconf 88' lang='lat' dir='ltr'>sequitur</span> 
     </span>
    </p>
   </div>
   <div class='ocr_carea' id='block_1_14' title="bbox 201 3889 979 3970">
    <p class='ocr_par' dir='ltr' id='par_1_15' title="bbox 201 3889 979 3970">
     <span class='ocr_line' id='line_1_27' title="bbox 201 3889 979 3970; baseline -0.004 -16"><span class='ocrx_word' id='word_1_169' title='bbox 201 3890 358 3954; x_wconf 89' lang='lat' dir='ltr'>iambicus</span> <span class='ocrx_word' id='word_1_170' title='bbox 369 3891 501 3954; x_wconf 90' lang='lat' dir='ltr'>dimeter</span> <span class='ocrx_word' id='word_1_171' title='bbox 518 3889 829 3970; x_wconf 61' lang='lat' dir='ltr'>(vesonticorum</span> <span class='ocrx_word' id='word_1_172' title='bbox 848 3889 979 3952; x_wconf 84' lang='lat' dir='ltr'>iaciunt.</span> 
     </span>
    </p>
   </div>
   <div class='ocr_carea' id='block_1_15' title="bbox 447 4106 1086 4189">
    <p class='ocr_par' dir='ltr' id='par_1_16' title="bbox 447 4106 1086 4189">
     <span class='ocr_line' id='line_1_28' title="bbox 447 4106 1086 4189; baseline 0.003 -20"><span class='ocrx_word' id='word_1_173' title='bbox 447 4109 477 4172; x_wconf 83' lang='lat'>7.</span> <span class='ocrx_word' id='word_1_174' title='bbox 495 4106 636 4170; x_wconf 82' lang='lat' dir='ltr'>Dimctri</span> <span class='ocrx_word' id='word_1_175' title='bbox 650 4128 721 4168; x_wconf 83' lang='lat' dir='ltr'>cnm</span> <span class='ocrx_word' id='word_1_176' title='bbox 736 4107 882 4171; x_wconf 80' lang='lat' dir='ltr'>iambicis</span> <span class='ocrx_word' id='word_1_177' title='bbox 890 4108 1086 4189; x_wconf 70' lang='lat' dir='ltr'>jonqontor.</span> 
     </span>
    </p>
   </div>
   <div class='ocr_carea' id='block_1_16' title="bbox 202 4294 1321 4480">
    <p class='ocr_par' dir='ltr' id='par_1_17' title="bbox 202 4294 1321 4480">
     <span class='ocr_line' id='line_1_29' title="bbox 244 4294 1321 4374; baseline -0.004 -15"><span class='ocrx_word' id='word_1_178' title='bbox 244 4295 539 4361; x_wconf 64' lang='lat' dir='ltr'>Telmeso-eoem.</span> <span class='ocrx_word' id='word_1_179' title='bbox 557 4295 707 4359; x_wconf 90' lang='lat' dir='ltr'>dimetros</span> <span class='ocrx_word' id='word_1_180' title='bbox 721 4313 789 4357; x_wconf 91' lang='lat' dir='ltr'>esse</span> <span class='ocrx_word' id='word_1_181' title='bbox 800 4294 894 4357; x_wconf 87' lang='lat' dir='ltr'>hodie</span> <span class='ocrx_word' id='word_1_182' title='bbox 908 4303 1041 4369; x_wconf 88' lang='lat' dir='ltr'>constat,</span> <span class='ocrx_word' id='word_1_183' title='bbox 1058 4312 1137 4374; x_wconf 91' lang='lat' dir='ltr'>quos</span> <span class='ocrx_word' id='word_1_184' title='bbox 1153 4303 1183 4356; x_wconf 90' lang='lat' dir='ltr'>et</span> <span class='ocrx_word' id='word_1_185' title='bbox 1197 4303 1321 4356; x_wconf 87' lang='lat' dir='ltr'>antece·</span> 
     </span>
     <span class='ocr_line' id='line_1_30' title="bbox 202 4397 1321 4480; baseline -0.004 -16"><span class='ocrx_word' id='word_1_186' title='bbox 202 4401 248 4465; x_wconf 88' lang='lat' dir='ltr'>dit</span> <span class='ocrx_word' id='word_1_187' title='bbox 260 4412 291 4467; x_wconf 87' lang='lat' dir='ltr'>et</span> <span class='ocrx_word' id='word_1_188' title='bbox 313 4401 454 4480; x_wconf 88' lang='lat' dir='ltr'>sequitur</span> <span class='ocrx_word' id='word_1_189' title='bbox 469 4399 625 4462; x_wconf 89' lang='lat' dir='ltr'>iambicus</span> <span class='ocrx_word' id='word_1_190' title='bbox 654 4399 786 4463; x_wconf 84' lang='lat' dir='ltr'>dimeter</span> <span class='ocrx_word' id='word_1_191' title='bbox 807 4417 882 4460; x_wconf 90' lang='lat' dir='ltr'>cnm</span> <span class='ocrx_word' id='word_1_192' title='bbox 909 4398 1046 4461; x_wconf 87' lang='lat' dir='ltr'>iambica</span> <span class='ocrx_word' id='word_1_193' title='bbox 1075 4397 1213 4479; x_wconf 87' lang='lat' dir='ltr'>tripodia</span> <span class='ocrx_word' id='word_1_194' title='bbox 1232 4406 1321 4460; x_wconf 90' lang='lat' dir='ltr'>cata-</span> 
     </span>
    </p>
   </div>
   <div class='ocr_carea' id='block_1_17' title="bbox 201 4511 324 4574">
    <p class='ocr_par' dir='ltr' id='par_1_18' title="bbox 201 4511 324 4574">
     <span class='ocr_line' id='line_1_31' title="bbox 201 4511 324 4574; baseline 0.008 -1"><span class='ocrx_word' id='word_1_195' title='bbox 201 4511 324 4574; x_wconf 88' lang='lat' dir='ltr'>lectica.</span> 
     </span>
    </p>
   </div>
   <div class='ocr_carea' id='block_1_18' title="bbox 0 0 1728 5626">
    <p class='ocr_par' dir='ltr' id='par_1_19' title="bbox 0 0 1728 5626">
     <span class='ocr_line' id='line_1_32' title="bbox 0 0 1728 5626; baseline 0 2"><span class='ocrx_word' id='word_1_196' title='bbox 0 0 1728 5626; x_wconf 95' lang='lat' dir='ltr'> </span> 
     </span>
    </p>
   </div>
  </div>
 </body>
</html>
