3542 5624
701 691 741 731 na
764 689 922 732 proseuta
1324 669 1363 732 77

247 839 311 892 tem
334 828 500 892 collocavit
518 839 547 892 ot
567 832 628 892 hoe
647 832 741 892 modo
756 830 887 893 creticae
905 825 1018 904 effecit,
1030 838 1101 890 ante
1116 829 1257 890 vocalem
1269 829 1362 890 collo-

249 951 319 996 care
336 933 460 994 licebat.
490 934 577 993 ldem
605 933 775 994 dicendum
797 943 844 993 est
858 934 896 994 de
922 949 998 993 voce
1018 931 1160 992 aperiler
1175 929 1294 1009 )supra,
1325 929 1363 1007 C)

248 1037 380 1114 quaein
404 1037 566 1113 dactylum
592 1036 720 1098 desinit.
736 1037 824 1098 Alias
850 1039 1140 1116 contraductylicas
1166 1055 1256 1098 voces
1271 1057 1362 1116 quae,

248 1137 330 1200 sicut
356 1139 471 1204 amaia,
500 1139 609 1213 eis-ere,
627 1140 751 1213 ducere,
770 1141 900 1219 sabula,
933 1141 1066 1216 nemine,
1095 1143 1227 1222 pellepe,
1262 1144 1364 1206 vocali

248 1244 467 1321 terminantur,
483 1257 554 1308 ante
571 1255 795 1308 consonantem
818 1247 970 1310 collocare
983 1249 1029 1308 fas
1044 1257 1109 1310 erat
1125 1249 1259 1312 velante
1275 1269 1365 1312 voca-

248 1353 311 1412 lem
328 1351 475 1414 brevem:
493 1353 599 1412 center
609 1351 732 1432 pallula,
757 1355 884 1412 dmator
899 1353 1018 1416 Bacch.
1036 1353 1113 1414 11e3
1136 1353 1250 1432 [sept.)‚
1264 1353 1365 1416 liblra

248 1463 285 1522 ἔα
309 1463 400 1522 Pers.
429 1461 484 1522 181
502 1458 618 1540 (sept),
631 1461 739 1521 dicere
752 1464 862 1522 dmare
876 1463 971 1522 Truc.
990 1459 1131 1524 eet-608
1147 1457 1264 1540 (sept).

290 1577 354 1637 Eae
369 1593 493 1654 quoque
509 1593 600 1636 voces
629 1576 759 1654 quaein
781 1596 812 1635 m
839 1574 997 1646 desinunt,
1016 1574 1098 1636 sieut
1114 1574 1252 1648 interim,
1271 1573 1364 1654 eppl-

248 1679 335 1752 dam,
364 1680 553 1752 cumbelum,
584 1679 775 1762 quempiam,
802 1680 970 1758 paediam,
1011 1680 1149 1750 nnciam,
1183 1680 1363 1759 placillam,

248 1787 442 1867 Paegnium,
460 1787 609 1860 vidulam,
639 1787 792 1856 dividam,
800 1787 922 1866 silium,
939 1786 1105 1862 nerninem,
1126 1787 1278 1862 omnium,
1302 1788 1366 1849 sin-

247 1893 370 1972 pulum,
386 1892 520 1966 cineam,
535 1892 691 1970 pralium,
709 1892 883 1961 condilum,
900 1891 1050 1972 sospitem
1062 1892 1181 1974 (supra,
1198 1892 1250 1966 A),
1271 1892 1364 1974 Caly-

249 2001 389 2074 donium,
404 2001 590 2071 exercitum,
606 2000 774 2080 uestipiam
790 1999 907 2079 (supra,
921 2000 973 2077 C),
988 1999 1172 2081 prandium,
1200 1999 1366 2080 aeslipium

250 2109 368 2187 (supra,
386 2106 441 2184 H),
450 2107 589 2188 piscium
601 2106 715 2186 (supra,
737 2107 780 2185 N)
794 2118 824 2169 et
838 2127 893 2170 eae
908 2125 987 2185 quae
1005 2111 1098 2188 longa
1127 2107 1228 2170 vocali
1252 2107 1365 2170 termi-

248 2229 377 2288 nantur,
409 2215 492 2278 siout
520 2217 599 2295 filii,
626 2215 713 2292 ilico,
740 2215 857 2290 nescio,
890 2215 1030 2296 perdidi,
1065 2216 1199 2296 impera,
1234 2217 1364 2292 Persia,

248 2323 364 2404 pridie,
380 2323 529 2404 improbi,
547 2325 661 2397 altero,
676 2325 778 2396 aurei,
786 2324 873 2404 filio,
884 2327 1165 2401 maxumaoccidi,
1182 2323 1292 2400 dicito,
1306 2338 1363 2390 ete.

250 2423 378 2502 )conier,
405 2443 511 2506 supra,
539 2425 590 2505 B),
610 2417 791 2505 notititiam,
818 2429 955 2502 occasio,
979 2429 1221 2504 uenamtissama,
1252 2436 1365 2491 calem-

247 2531 333 2614 pulo‚
364 2531 505 2594 accercito
521 2534 638 2614 (supra,
665 2535 716 2612 D),
748 2537 996 2618 calleapellepo
1023 2538 1141 2620 )supre‚
1164 2535 1218 2617 H).
1236 2540 1366 2600 obsecro

248 2638 364 2720 (supra,
385 2639 545 2718 l)‚eercio,
562 2642 759 2722 Sagaristio,
771 2642 897 2724 intapro
910 2642 1029 2726 (supra,
1039 2645 1142 2722 M),in
1152 2645 1364 2728 anapaesticis

248 2749 391 2812 versibus
415 2750 509 2812 facile
537 2750 658 2813 admitti
681 2761 833 2832 poterant,
850 2745 1105 2816 dummodoante
1133 2755 1275 2817 vocalem
1290 2756 1365 2818 bre-

249 2878 321 2920 vem
353 2861 591 2921 collocarentur.
620 2861 736 2922 Confer
757 2863 936 2938 praemium
963 2865 996 2922 at
1023 2864 1124 2922 Poen.
1159 2862 1238 2924 1190
1267 2859 1364 2940 (oet),

249 2970 409 3027 instabam
422 2970 539 3046 elpram
556 2969 639 3030 Rud.
655 2970 715 3031 930
727 2966 832 3046 (oet.)
849 2969 1054 3048 attellamllpo
1071 2971 1171 3033 Stich.
1189 2973 1227 3034 37
1239 2971 1361 3048 (dim.);

249 3071 501 3139 delallikicMil.
535 3078 747 3145 1049,aesclo
768 3079 816 3138 im
839 3079 934 3140 Cure.
953 3080 1010 3140 128
1042 3077 1138 3156 (oet),
1157 3081 1285 3142 veratro
1307 3082 1365 3161 ipo

250 3182 322 3244 Mil.
351 3181 440 3253 1056,
468 3183 608 3243 irtclrttae
636 3163 759 3242 dmiccc
786 3181 904 3243 Pseud.
931 3182 989 3242 174
1014 3179 1112 3258 (oet).
1138 3183 1282 3261 Denique
1306 3193 1365 3244 tro-

250 3287 378 3350 chaicae
407 3290 456 3349 vel
479 3287 510 3346 in
540 3288 722 3347 trochaeum
745 3295 892 3346 exeuntes
921 3302 1024 3358 vocae,
1064 3285 1145 3346 sieut
1170 3284 1254 3359 inde,
1271 3282 1364 3356 illud,

252 3396 416 3478 quicquid,
438 3415 545 3476 saepe,
582 3395 735 3456 mandata
769 3397 888 3476 (supra,
915 3393 965 3471 F),
992 3394 1091 3470 mitta,
1123 3396 1230 3468 ocelle,
1257 3417 1363 3472 accae,

249 3503 358 3564 Aetna
379 3504 494 3584 (supra,
527 3501 579 3580 G),
611 3507 783 3580 accuratas
811 3499 929 3582 (supra,
957 3499 1008 3581 K),
1052 3502 1164 3582 clipea,
1195 3524 1363 3586 querique,

251 3633 329 3674 cena
357 3610 473 3692 (supra,
505 3611 556 3690 L),
574 3589 642 3674 siue
667 3615 733 3674 ulla
759 3613 887 3674 licentia
908 3611 1107 3691 anapaestico
1129 3624 1227 3674 metro
1242 3631 1366 3674 accom-

249 3719 371 3782 modari
400 3729 560 3800 poterant.
593 3722 627 3780 ln
654 3739 781 3782 summa
803 3730 930 3782 centum
956 3720 1100 3798 exempla
1121 3738 1215 3798 supra
1238 3739 1365 3782 enume-

250 3839 359 3890 rantur
375 3829 535 3908 inquibus
550 3828 681 3890 minime
697 3846 823 3890 necesse
839 3837 903 3890 erat
915 3827 1065 3889 creticum
1081 3846 1136 3908 pro
1152 3847 1214 3888 uno
1226 3830 1302 3906 pede
1317 3827 1366 3888 vel

250 3930 374 3992 duobus
396 3921 608 4010 semipedibus
634 3931 716 4010 poni.
750 3931 822 3990 Non
847 3928 1019 3991 verisimile
1048 3938 1095 3990 est
1126 3930 1275 3990 Plautum
1301 3939 1366 3990 tam

250 4036 359 4096 multis
381 4035 413 4096 in
435 4035 511 4096 locis
526 4036 765 4115 anapaesticum
783 4053 951 4096 numerum
980 4033 1112 4095 libidine
1125 4034 1364 4096 adulteravisse.

291 4147 439 4208 Ceterum
455 4149 504 4207 vel
528 4147 559 4207 in
574 4146 696 4209 creticis
712 4148 843 4209 vocibus
860 4148 969 4225 quales
984 4156 1059 4208 sunt
1073 4145 1220 4220 attineat,
1239 4147 1365 4219 celeris,

250 4270 313 4314 non
340 4253 517 4315 necessario
542 4255 770 4316 immutabatur
799 4252 1020 4334 anapaesticus
1050 4271 1211 4328 numeruS,
1230 4252 1256 4314 si
1281 4253 1367 4333 ipsae

249 4362 461 4440 aliquomodo
486 4365 635 4426 imminui
651 4374 805 4445 poterant,
822 4382 876 4424 seu
893 4363 1027 4442 priorem
1042 4366 1170 4442 longam
1186 4382 1241 4425 seu
1264 4373 1367 4442 poste-

249 4471 365 4533 riorem
390 4472 546 4554 corripere
570 4473 694 4544 licebat,
730 4493 783 4536 seu
809 4471 947 4534 mediam
988 4473 1114 4534 brevem
1143 4490 1283 4553 syncopa
1317 4470 1365 4534 vel

250 4580 602 4662 synizesisupprimere.

289 4694 394 4758 Nemo
421 4707 538 4767 autem,
569 4701 671 4768 uredo,
700 4716 841 4776 unquam
858 4697 990 4776 putavit,
1017 4697 1209 4776 ubicumque
1233 4698 1367 4760 creticus

251 4817 306 4879 pro
322 4801 521 4878 anapaestico
546 4802 624 4882 pede
652 4803 700 4862 vel
719 4800 840 4861 duobus
856 4797 1072 4880 semipedibus
1101 4808 1244 4876 ponatur,
1261 4797 1366 4860 cretici
1431 4855 1434 4862 .
