3446 5626
417 659 476 719 134
752 675 793 720 55
814 679 984 722 55555555
1005 679 1203 724 5555555515

419 815 563 892 itemque
585 819 695 874 rursus
715 813 789 874 Cas.
803 813 863 875 756
879 815 970 876 5758
985 813 1125 893 quinque
1147 816 1364 895 anapaesticas
1384 815 1530 896 tripodias

425 923 621 985 catalecticas
642 941 722 1004 quae
748 923 984 1005 anapaesticam
1005 925 1175 1005 tripodiam
1198 935 1383 1004 sequuntur.
1411 928 1529 988 Harum

417 1031 632 1110 tripodiarum
661 1031 914 1094 catalecticarum
939 1035 1095 1112 quasdam
1117 1043 1314 1112 agnoverunt
1336 1034 1478 1095 Klotzius
1502 1043 1531 1095 et

418 1135 777 1212 Goctzius-SchoelliuS,
804 1138 926 1200 scilicet
939 1157 969 1198 v.
986 1139 1056 1213 753,
1072 1140 1132 1198 754
1146 1158 1175 1208 5,
1191 1141 1251 1200 754
1267 1137 1296 1206 5,
1311 1141 1370 1200 757
1386 1160 1416 1215 5,
1427 1143 1484 1202 757
1496 1142 1527 1215 5;

419 1243 473 1303 555
497 1242 531 1303 in
554 1240 665 1304 ceteris
683 1259 809 1320 quoque
838 1243 983 1305 versibus
1019 1243 1207 1304 servandam
1230 1257 1299 1304 esse
1332 1244 1530 1306 Ambrosiani

421 1348 661 1430 discriptionem
678 1366 740 1410 non
756 1349 1059 1421 animadverterunt,
1076 1350 1168 1427 cujus
1191 1349 1391 1428 concinnitas,
1408 1349 1531 1412 lortuita

416 1473 486 1518 csse
509 1472 572 1517 non
588 1463 701 1533 potest.

456 1563 530 1624 Cas.
546 1562 840 1642 951-9531ripooias
856 1562 1055 1625 catalecticae
1071 1572 1219 1641 quattuor
1231 1562 1369 1642 tripodia
1380 1562 1529 1641 sequitur.

417 1671 619 1732 Ambrosiani
644 1672 773 1750 quidem
798 1671 1016 1734 testimonium
1031 1671 1083 1733 hic
1105 1674 1201 1739 deest,
1228 1671 1283 1732 sed
1305 1670 1332 1730 B
1362 1669 1531 1730 versiculos

416 1782 499 1843 sicut
512 1779 545 1839 in
560 1779 706 1859 exemplo
729 1777 892 1856 superiore
909 1775 1104 1838 contraxisse
1124 1774 1259 1836 videtur.
1278 1775 1363 1834 Nam
1378 1794 1409 1835 v.
1436 1773 1492 1836 951
1512 1793 1530 1834 a

416 1899 446 1950 et
459 1892 515 1952 951
542 1892 560 1950 b
573 1889 655 1950 sicut
670 1909 700 1948 v.
717 1890 776 1952 954
789 1899 849 1950 aet
860 1889 920 1952 954
936 1889 964 1954 5,
980 1896 1047 1948 turn
1062 1889 1195 1952 952-954
1210 1888 1294 1948 sicut
1312 1905 1346 1945 v.
1370 1885 1531 1948 7537545

417 2026 481 2067 555
496 2022 588 2066 versu
619 2002 871 2082 comprehendit.
895 2001 1040 2064 Schoellii
1068 2011 1173 2063 autem
1190 2010 1220 2063 et
1244 1997 1530 2063 Goetzii-Schoellir'

416 2111 591 2192 discriptio,
613 2131 677 2190 qua
698 2107 835 2172 creticus
857 2117 1036 2170 tetrameter
1057 2115 1088 2166 et
1106 2109 1241 2180 creticus
1255 2105 1388 2166 dimeter
1415 2114 1446 2166 et
1470 2113 1528 2166 tro·

417 2219 520 2282 chaici
549 2218 674 2280 dimetri
699 2215 872 2279 catalectici
896 2218 959 2277 duo
988 2223 1183 2294 separantur,
1213 2231 1286 2275 cum
1315 2215 1342 2275 B
1368 2231 1530 2293 nunquam

418 2327 576 2390 convenit.

456 2435 485 2494 3.
504 2435 587 2495 Cum
597 2430 807 2512 anapaesticis
818 2428 961 2492 dimetris
971 2429 1149 2506 junguntur
1160 2427 1276 2506 Amph.
1288 2425 1348 2488 165
1358 2447 1387 2495 5,
1401 2428 1431 2496 5,
1446 2429 1528 2489 Μ55.

416 2542 475 2603 352
489 2559 518 2614 5,
537 2543 567 2614 5,
587 2541 684 2600 Persa
698 2537 756 2598 494
768 2540 798 2609 5,
816 2555 842 2595 o.

457 2651 574 2728 Amph.
608 2646 667 2706 165
697 2667 726 2715 a,
754 2647 773 2707 b
808 2644 1026 2724 anapaesticas
1050 2641 1202 2723 tripodias
1228 2641 1429 2704 catalecticos
1453 2643 1531 2702 duas

418 2759 487 2835 jure
510 2753 708 2836 discripsisse
726 2753 850 2813 videtur
863 2753 1052 2821 Muellerus,
1065 2769 1143 2830 quas
1163 2748 1385 2828 anapaesticus
1404 2749 1532 2811 dimeter

418 2887 450 2929 55
474 2866 569 2927 uitur.

451 2887 545 3028 (ileu.
569 2961 627 3026 352
651 2986 680 3037 5,
703 2968 723 3026 5
739 2964 891 3045 tripodiae
906 2964 1107 3027 catalecticae
1121 2964 1203 3024 duae
1216 2963 1443 3044 dispesceudae
1457 2981 1531 3025 sane

418 3087 502 3146 sunt,
526 3096 605 3156 quas
627 3076 653 3135 B
676 3074 831 3137 contraxit
849 3075 931 3139 sicut
951 3073 1170 3152 insequentem
1184 3071 1346 3152 dipodiam
1363 3071 1445 3149 (353)
1459 3089 1531 3134 cum

417 3182 480 3244 alia
499 3180 633 3262 tripodia
654 3178 836 3241 catalectica
857 3176 940 3256 (354)
961 3195 1024 3238 555
1044 3197 1136 3240 versu
1152 3177 1400 3259 comprehendit.
1418 3180 1456 3239 V.
1474 3178 1529 3240 351

417 3295 522 3348 autem
546 3282 785 3366 anapaesticum
805 3282 976 3344 dimetrum
990 3299 1058 3344 esse
1071 3283 1271 3346 inter'omnes
1286 3284 1380 3347 hodie
1394 3294 1525 3347 constat.

418 3396 566 3474 Plerique
595 3393 724 3474 quidem
743 3415 775 3454 v.
805 3392 864 3454 352
883 3392 1057 3456 iambicum
1079 3393 1251 3456 dimetrum
1275 3413 1343 3458 esse
1367 3399 1533 3458 voluerunt

418 3503 468 3584 (-
484 3501 549 3582 liat)
575 3511 605 3564 et
628 3523 658 3563 v.
678 3503 736 3564 353
755 3503 994 3581 anapaesticum
1010 3502 1181 3564 dimetrum
1200 3503 1251 3581 (—
1274 3501 1395 3580 lectos).
1421 3505 1464 3566 At
1477 3503 1532 3566 illa

418 3626 566 3672 versuum
578 3605 742 3686 discriptio
756 3623 829 3666 cum
845 3624 881 3666 ea
893 3625 975 3684 quae
985 3606 1017 3666 in
1036 3609 1063 3667 B
1075 3617 1122 3668 est
1136 3607 1268 3669 minime
1282 3609 1437 3688 congruit.

459 3723 556 3782 Persa
571 3719 630 3782 494
651 3735 745 3798 quem
764 3716 908 3798 plerique
928 3716 1166 3794 anapaesticum
1181 3716 1376 3799 octonarium
1393 3735 1460 3779 esse
1475 3735 1532 3798 pu-

419 3837 573 3900 taverunt,
591 3825 624 3888 in
641 3835 701 3886 tres
717 3824 892 3887 versiculos
907 3823 1082 3885 dividimus
1095 3843 1230 3903 quorum
1246 3824 1367 3902 primus
1382 3843 1532 3903 anapaes-

419 3938 498 4000 ticus
513 3935 645 3998 dimeter
659 3943 706 3996 est
720 3945 750 3997 et
759 3934 873 4013 reliqui
890 3933 1110 4013 anapaesticae
1126 3934 1279 4012 tripodiae
1293 3933 1510 3997 catalecticae:

554 4057 559 4134 )
580 4059 671 4120 Unde
688 4057 718 4118 td
736 4057 909 4136 pergrande
925 4057 1049 4117 lucrum
1062 4054 1182 4118 facias:
1198 4053 1213 4133 ))

659 4164 788 4226 Faciam
804 4165 839 4225 dt
852 4162 914 4224 mei
924 4163 1118 4237 memineris,

660 4277 743 4336 Dum
756 4272 853 4334 vltarn
869 4272 969 4334 vivas.
991 4271 996 4350 )

460 4399 505 4458 lta
529 4399 556 4460 Λ
584 4397 663 4458 5555
690 4407 758 4476 post
786 4394 870 4455 uiros
898 4395 1137 4475 distinguimus,
1165 4398 1249 4475 quod
1279 4397 1530 4468 StudemunduS,

420 4503 610 4569 Sclroellius,
633 4501 977 4564 Gootzius-Sclroellius
1001 4503 1104 4565 versui
1124 4506 1183 4566 495
1203 4505 1455 4585 applicaverunt,
1477 4523 1534 4567 nec

419 4607 533 4670 tradita
551 4611 643 4670 verba
658 4609 738 4670 sicut
757 4609 944 4687 Spengelius
961 4609 1148 4689 corrigimus
1164 4611 1218 4688 qui
1224 4611 1352 4690 sociam
1363 4617 1396 4672 ut
1408 4611 1531 4673 delevit.

422 4714 465 4774 lto
489 4713 673 4794 insequente
697 4709 829 4772 dimetro
851 4711 920 4788 (495
935 4709 964 4786 5)
981 4731 1054 4773 curu
1070 4711 1206 4793 tripodia
1221 4715 1403 4776 catalectica
1419 4715 1487 4792 [495
1502 4717 1531 4792 5)

418 4813 535 4890 juncto,
554 4812 624 4874 vide
641 4811 723 4872 iutra
742 4809 773 4870 in
792 4809 880 4872 tertia
896 4819 981 4889 parte
