3542 5624
387 709 620 754 rusurrnonuu
642 711 863 758 exemenonem
885 713 1009 758 carrion
1032 673 1186 761 recensio
1341 681 1361 758 5

216 851 294 916 1178
317 853 475 934 Lepiddm
488 849 530 919 tess
546 856 589 918 At
603 856 670 918 scin
686 875 749 936 qno
763 855 854 940 pdoto
869 878 920 924 me
934 861 972 922 ad
987 870 1017 924 te
1033 860 1115 925 intro
1129 859 1269 928 dbduoas
1286 867 1441 929 rnecum

1282 975 1329 1052 [dt
1343 973 1398 1038 sis.
1413 973 1429 1058 ΙΙ

526 1071 626 1123 Omnia
639 1085 710 1137 quae
725 1067 810 1139 cupio'
820 1076 1028 1128 commemoras.

213 1193 379 1286 1180111111
395 1223 452 1304 ego
467 1241 605 1304 nequam
619 1223 633 1305 Η
647 1226 804 1302 homines,
820 1229 933 1292 verum
951 1240 978 1294 te
992 1231 1154 1296 neminem
1169 1234 1365 1300 deteriorem.
1383 1237 1442 1299 'Ita

1348 1365 1435 1408 sum.

316 1445 328 1504 1
346 1445 406 1506 hac
421 1443 548 1507 mecum
563 1445 658 1524 intro,
675 1445 730 1508 ubi
750 1445 808 1510 tibi
833 1447 874 1510 sit
893 1447 997 1529 lepide
1012 1450 1162 1528 victibds,
1179 1451 1254 1517 vino
1269 1346 1366 1534 atqtie
1379 1473 1441 1516 un·

1289 1560 1438 1644 [guentis.

214 1705 294 1767 Satis,
307 1706 371 1758 setis
386 1705 443 1768 iam
459 1707 567 1759 vostrist
579 1707 707 1760 convivi:
724 1722 769 1760 me
785 1710 823 1759 nii
838 1711 959 1776 paenitet
972 1717 1003 1762 ui
1012 1712 1064 1763 sim
1078 1713 1217 1778 acceptus.

306 1800 519 1866 Quadringentis
536 1802 669 1866 Philippis
682 1801 757 1852 iilius
772 1817 816 1854 me
831 1810 860 1855 et
869 1805 1019 1868 Chrysalus
1033 1800 1284 1859 circumduxerunt

336 1891 398 1944 1184
416 1906 432 1942 a
558 1893 647 1950 Quem
663 1893 775 1956 quidem
791 1907 842 1959 ego
859 1901 957 1946 utnon
972 1896 1139 1957 excruciem,
1151 1897 1161 1960 ΙΙ

416 1983 433 2032 b
527 1983 654 2034 Alterum
669 1987 774 2036 tantum
788 1986 847 2035 auri
863 1986 917 2034 uon
933 1999 1063 2037 meream.
1077 1987 1086 2050 ii

303 2075 377 2134 Quid
391 2075 513 2135 tandem,
528 2075 550 2124 si
565 2074 708 2124 dimidium
723 2075 783 2125 auri
798 2075 935 2126 reddituri
953 2075 994 2124 In·
1008 2076 1060 2126 hac
1072 2089 1182 2127 mecum
1196 2076 1283 2135 introi

522 2167 613 2227 Atque
626 2163 656 2213 rit
668 2163 706 2214 eis
722 2165 822 2214 delicta
832 2163 981 2229 ignoscas?

215 2315 292 2380 1187
316 2315 434 2380 Faciet.
454 2313 469 2396 ΙΙ
492 2314 650 2389 Minume‚
678 2316 798 2392 [nolo]:
822 2315 905 2378 nihil
927 2315 1051 2380 moror:
1075 2317 1145 2381 sine
1168 2318 1226 2382 sic.
1253 2319 1341 2384 Malo
1364 2319 1437 2384 illos

1191 2427 1314 2504 [ulcisci
1330 2426 1435 2493 embo.

310 2535 417 2602 Etiam
434 2547 468 2600 tu
491 2539 585 2600 homo
600 2536 707 2612 nihili,
725 2534 809 2616 quod
824 2535 856 2597 di
872 2537 950 2598 dant
966 2529 1137 2599 boni'ceve
1162 2537 1257 2618 culpa
1271 2547 1325 2601 tua
1337 2537 1437 2599 amis-

1359 2645 1429 2722 [sis.

314 2757 493 2822 Dimidium
509 2756 578 2818 auri
594 2757 686 2818 detur
703 2775 710 2816 ε
729 2752 868 2836 decipias
884 2759 1033 2838 potesque
1047 2763 1077 2818 et
1092 2765 1232 2817 scortum
1246 2756 1429 2818 acorimbas.

309 2871 400 2950 Egon
422 2868 476 2930 nbi
502 2864 587 2929 iilius
612 2867 830 2946 corrdmpatur
854 2883 954 2934 meus,
985 2861 1029 2924 ibi
1056 2865 1182 2943 potemt
1207 2861 1429 2926 Poendumst.

308 2981 374 3058 Age
388 2978 453 3057 jam
467 2974 501 3036 id
517 2984 551 3038 ut
565 2984 623 3048 est,
641 2973 730 3036 etsist
752 2973 908 3040 dedecori,
931 2968 1050 3052 patidr:
1077 2974 1179 3036 iacere
1196 2971 1347 3034 inducam
1364 2971 1435 3034 dni·
1539 3039 1542 3046 ,

1322 3099 1428 3144 mum.

207 3192 285 3254 1192
306 3210 326 3254 a
347 3193 436 3272 Egon
452 3209 547 3270 quom
563 3171 641 3252 haec
655 3208 729 3252 cum
743 3185 799 3250 illo
810 3189 939 3250 accubet
953 3186 1147 3268 inspeciem?
1163 3165 1266 3250 Immo
1287 3081 1433 3267 eiuidem

995 3296 1058 3376 [pol
1073 3304 1177 3357 tecum
1193 3297 1390 3360 accdmbam.
1406 3293 1421 3376 11

456 3457 517 3509 1192
533 3459 550 3508 b
676 3457 717 3508 Te
731 3457 829 3506 amabo
843 3462 870 3508 et
887 3462 913 3507 te
924 3458 1111 3520 amplexabor.

454 3547 516 3597 1193
533 3562 549 3596 a
644 3547 732 3611 Caput
745 3546 846 3610 prurit:
863 3547 940 3611 perii.
962 3547 1014 3598 Vix
1030 3549 1133 3612 negito.
1148 3549 1158 3612 ΙΙ

531 3639 548 3686 b
645 3637 706 3688 Non
718 3635 766 3687 tibi
778 3635 855 3686 venit
869 3636 897 3687 in
911 3639 1042 3700 mentem,
1058 3639 1167 3698 amabo,

454 3726 515 3776 1194
533 3741 549 3776 a
644 3727 677 3776 Si
689 3725 755 3776 dtim
768 3725 847 3776 vivas
861 3727 909 3776 tibi
926 3727 997 3777 bene
1012 3727 1105 3790 iacias,
1117 3728 1127 3791 il

533 3821 549 3870 b
644 3819 712 3868 Tem
725 3818 770 3880 pol
786 3817 814 3866 id
826 3818 939 3880 quidem
951 3831 1012 3868 esse
1024 3819 1098 3868 haud
1112 3819 1352 3884 perlonginquom‚
1365 3820 1374 3884 ΙΙ

330 4046 404 4097 1180.
423 4045 515 4096 Verba
531 4042 594 4093 Vidi
608 4057 656 4107 epo
672 4055 793 4108 nequam
803 4041 934 4104 superiori
943 4042 1036 4092 versui
1047 4041 1076 4091 iu
1092 4041 1114 4091 B
1129 4041 1287 4092 adhaerent.
1299 4041 1432 4091 Homines

298 4130 367 4168 corr.
396 4116 556 4174 Lambinus
583 4113 725 4164 hominem
743 4113 816 4162 libri.
847 4111 993 4162 Neminem
1014 4113 1087 4172 libri,
1107 4113 1194 4176 Voss,
1223 4113 1338 4177 Speug„
1367 4112 1431 4176 Gz.,

298 4189 428 4245 G.·Scir.‚
439 4185 553 4236 nuliam
569 4185 674 4247 Herm,
693 4185 800 4236 Ritsch.
1139 4225 1142 4228 .
1413 4241 1415 4244 Ι

333 4260 402 4310 1187.
422 4260 469 4309 Sic
489 4258 656 4323 Spengelius
678 4257 761 4306 ascito
783 4253 878 4306 Faciet
902 4261 929 4306 et
948 4255 1038 4307 deleto
1056 4255 1118 4306 nolo
1133 4255 1318 4320 septenarium
1332 4257 1433 4307 cousti-

299 4331 360 4382 tuit.
388 4330 501 4382 Tradita
519 4329 603 4379 rerba
617 4334 644 4380 et
656 4328 678 4376 B
692 4327 897 4391 discriptionem
912 4332 1095 4378 servaverunt
1105 4327 1281 4386 Ritschelius,
1296 4328 1430 4386 Goetzius‚

298 4401 594 4453 Goetzius·Schoeilius
608 4402 734 4450 lacunam
747 4399 775 4448 in
791 4413 820 4448 v.
836 4397 897 4448 1186
909 4407 969 4461 post
981 4402 1064 4463 atque
1076 4399 1224 4464 signantes.
1242 4401 1280 4448 At
1296 4400 1432 4452 sententia

299 4473 367 4522 nihil
392 4473 535 4524 desiderat.
557 4472 657 4522 Conier
676 4484 758 4534 supra
777 4484 806 4520 v.
826 4469 962 4522 1179-1180
976 4471 1024 4520 ubi
1035 4471 1151 4521 dimetro
1165 4470 1275 4521 initium
1292 4471 1432 4536 sequentis

298 4559 395 4596 versus
410 4545 439 4594 in
455 4544 572 4596 Batiam
589 4543 723 4593 adhaesit.

330 4616 401 4666 1188.
421 4615 479 4666 Tua
494 4615 578 4680 culpo
596 4613 708 4670 Mucii„
723 4613 821 4663 Plaut.
838 4613 930 4672 Proe,
946 4627 972 4678 p.
983 4614 1041 4665 411.

331 4688 400 4738 1191.
422 4686 556 4738 Dedecori
576 4687 696 4745 Ritsch.‚
717 4684 883 4734 dedecorum
898 4686 969 4735 libri.
988 4685 1021 4734 ld
1039 4685 1094 4736 del.
1118 4686 1293 4752 Spengclius.
1314 4686 1431 4738 Versum

298 4759 415 4810 includit
429 4759 566 4818 Goctzius‚
582 4765 712 4822 tanquam
725 4771 741 4806 a
754 4757 925 4808 diascevasta
935 4757 1111 4822 adscriptum.

331 4829 392 4882 1192
405 4845 432 4881 a.
452 4829 572 4880 Accubet
588 4831 616 4891 F,
632 4829 775 4878 accumbet
791 4829 872 4879 BGD.
