3450 5630
451 644 512 712 206
752 661 792 706 oa
813 661 982 717 aunulfus
1003 659 1201 712 inmensus

393 1095 452 1160 8⁷4

351 1683 453 1784 ¹aaa

392 2271 452 2335 894

611 805 749 880 Cnsme,
764 805 836 872 874.

537 961 548 1030 Ι
568 961 579 1028 l
606 963 683 1020 Quae
695 963 765 1016 volis
782 963 869 1022 ittera
880 962 1019 1034 proloqm.
1036 961 1110 1016 'rece
1123 963 1156 1042 :t
1211 955 1214 962 ’

634 1089 839 1164 voseium
858 1091 993 1172 ssfflpuil·
1016 1090 1022 1170 Ι
1050 1089 1068 1170 11
1153 1103 1155 1108 ’

479 1232 576 1296 Neque
601 1232 657 1298 quo
686 1231 790 1298 tugiam
817 1243 906 1293 neque
923 1229 972 1280 ubi
997 1229 1202 1291 lateamneque
1221 1229 1274 1279 laec
1302 1227 1423 1279 dedecus
1446 1240 1505 1290 quo
1521 1225 1606 1276 modo

1435 1316 1542 1382 [celem
1558 1316 1607 1379 l:

612 1412 749 1484 Cosmi,
765 1410 835 1484 888.

545 1568 676 1634 Reppulit
691 1567 760 1620 mihi
774 1577 899 1628 manum,
914 1567 1004 1628 noque
1019 1565 1095 1615 enim
1111 1565 1177 1616 dare
1193 1564 1245 1616 sibi

635 1682 768 1748 Savium
783 1699 836 1758 me
849 1679 935 1746 sivit.
950 1677 967 1760 ΙΙ

575 1833 657 1884 Enim
671 1833 728 1896 jam
740 1833 829 1906 magt·
843 1829 920 1900 [iuml
936 1829 1087 1896 adpropero

613 1989 750 2064 (lamna,
767 1989 828 2060 884
842 1990 872 2060 b,
883 1989 943 2058 895
956 1990 988 2062 1),
1004 1985 1074 2052 9OE
1091 1987 1162 2064 901,
1177 1986 1237 2054 903
1254 1989 1289 2052 b.

543 2136 612 2201 'Age
627 2137 694 2186 dum
710 2141 739 2188 tu
757 2135 802 2192 edi
815 2136 902 2193 huno.
920 2135 1061 2201 ‘Opoeoim

474 2271 493 2333 b
636 2270 699 2334 Ubi
714 2271 770 2341 tua
784 2288 869 2341 nova
884 2255 1071 2352 nuptaat‘l'll

546 2413 620 2465 Perii
636 2407 728 2466 hercle
742 2427 803 2487 030.
820 2400 982 2468 manuleste'
993 2419 1056 2466 rost.

394 2556 491 2621 8951)
634 2554 772 2626 Omnem
788 2554 833 2624 mi
848 2553 958 2648 ordine
972 2571 1039 2618 rem
1051 2551 1067 2635 ΙΙ

734 2702 824 2762 Fattri
842 2715 906 2766 ergo
921 2707 1087 2766 aequomst:

593 2790 667 2848 Quid
680 2789 754 2844 intua
770 2789 876 2857 agiturl
890 2787 964 2846 Quid
978 2789 1035 2853 agit
1045 2789 1056 2852 ΙΙ

592 2873 710 2926 Casina?
727 2874 805 2930 Satin
822 2871 997 2940 mongerastt

575 2947 578 2954 ’
736 2963 827 3020 Pudet
841 2961 933 3013 dicere

735 3054 782 3108 Me
793 3054 804 3122 1
815 3065 893 3104 mora
906 3052 1012 3117 ordine,

736 3147 770 3202 Ut
787 3150 944 3212 acceperas.

502 3297 563 3347 Cas.
572 3295 628 3346 874.
640 3295 696 3345 An.
716 3292 859 3358 tripodium
873 3292 1060 3342 catalecticam
1075 3293 1272 3357 discripserunt
1282 3293 1449 3358 Schoellius‚
1463 3295 1596 3347 Goetzius-

470 3367 634 3419 Schoallius.
652 3369 705 3418 Aa.
727 3364 897 3416 octonarium
920 3363 1016 3426 juncto
1040 3379 1066 3413 v.
1083 3365 1129 3415 873
1147 3371 1173 3416 et
1189 3365 1228 3414 ibi
1242 3365 1384 3416 audacium
1399 3365 1462 3416 licet
1480 3381 1495 3418 e
1511 3381 1535 3416 v,
1552 3365 1595 3416 872

468 3441 551 3490 ascito
573 3444 600 3488 et
623 3435 707 3488 libero
725 3441 789 3488 ante
808 3449 878 3501 quae
899 3435 954 3484 cela
976 3435 1089 3497 trajecto
1108 3437 1247 3488 constituit
1273 3437 1450 3504 Spengelius‚
1466 3438 1594 3502 Reform„

468 3526 494 3576 p.
510 3510 564 3560 324.
580 3509 682 3558 Vosira
693 3508 806 3571 speng„
823 3506 898 3566 Solu,
913 3505 1041 3570 G.-Sch.,
1053 3511 1148 3557 oestro
1162 3512 1196 3571 A,
1210 3513 1309 3558 nostra
1321 3510 1352 3559 P.
1368 3505 1370 3512 ’

499 3583 560 3632 Cas.
575 3581 631 3630 889.
649 3578 747 3630 versui
764 3577 820 3640 888,
835 3579 881 3640 qui
901 3579 1016 3628 creticus
1041 3579 1160 3630 dimetur
1182 3587 1223 3630 est
1241 3595 1305 3632 cum
1327 3581 1465 3632 trochaica
1485 3579 1595 3645 tripodia

469 3653 626 3704 catalectico
636 3651 759 3714 junctus,
775 3663 800 3698 v.
816 3650 902 3700 889111
918 3647 939 3698 B
954 3651 1086 3700 adhaesit.
1099 3650 1236 3702 Creticum
1250 3653 1444 3704 hexametrum
1462 3651 1595 3704 constituit

470 3725 632 3788 Geppertus,
651 3721 786 3773 relutauta
803 3721 961 3784 Spengelio‚
975 3721 1108 3784 Reform„
1123 3737 1151 3784 p.
1178 3723 1216 3776 79.
1234 3724 1280 3786 qui
1299 3724 1391 3774 addito
1407 3722 1594 3784 (monitos)

469 3802 529 3859 post
542 3807 659 3844 manum
668 3807 712 3842 an.
727 3791 911 3856 septenarium
924 3793 1065 3842 restituere
1080 3794 1150 3843 vult.
1171 3794 1328 3845 Schoellius
1340 3796 1507 3846 trochaicum
1516 3800 1595 3856 septe·

470 3868 578 3917 narium
595 3869 633 3928 1-
646 3863 920 3926 eaciumltlisoripsit.
935 3864 1063 3914 lacunam
1079 3872 1140 3928 post
1155 3864 1220 3914 sicit
1235 3867 1357 3929 signans.
1369 3867 1443 3918 lctus
1451 3867 1595 3918 omiserunt

470 3936 783 3989 Goetzius-Schoellius.

500 4010 562 4060 Cas.
587 4009 645 4059 891.
664 4007 847 4058 Trochaioum
862 4001 1009 4058 dimetrum
1023 4007 1213 4058 calatecticum
1228 4017 1311 4058 etan.
1327 4009 1473 4072 tripodium
1487 4009 1594 4061 catalec-

470 4082 551 4132 ticam
564 4080 690 4130 discribo.
704 4077 887 4128 Trochaicum
897 4079 1045 4130 dimetrum
1057 4079 1246 4131 catalecticum
1262 4093 1326 4130 oum
1341 4081 1478 4132 trochaica
1490 4077 1594 4144 tripudia

469 4151 596 4214 junctum
626 4164 687 4202 esse
716 4148 863 4199 voluerunt
890 4150 1059 4214 Schoellius,
1091 4151 1400 4202 Goetzius·Schoellius.
1420 4151 1592 4204 Trochaioum

472 4223 659 4288 septenarium
681 4220 765 4272 ascito
782 4218 861 4268 Perii
874 4219 967 4270 hercle
987 4235 1035 4286 eoo
1053 4227 1081 4272 et
1094 4221 1185 4272 deleto
1208 4236 1279 4271 noce
1299 4227 1326 4272 et
1344 4223 1459 4286 trajecto
1475 4221 1521 4273 ubi
1540 4225 1594 4286 post

472 4300 569 4359 nupta,
585 4293 742 4344 dubitanter
751 4292 891 4342 constituit
907 4293 1081 4358 Spengelius,
1095 4293 1234 4356 Reform..
1249 4309 1278 4357 p.
1299 4294 1352 4344 363.

501 4364 561 4416 Cea.
577 4365 632 4414 895.
656 4363 837 4414 Trochaicum
854 4363 1001 4414 dimetrum
1016 4366 1205 4419 catalecticum
1225 4369 1252 4414 et
1268 4378 1313 4414 an.
1329 4366 1472 4430 tripodiam
1488 4367 1592 4417 catalec-

470 4440 553 4489 ticam
563 4436 688 4486 discribo.
699 4435 881 4484 Trochaioum
894 4435 1043 4487 dimetrum
1057 4435 1248 4487 catalecticum
1263 4450 1327 4486 oum
1340 4438 1477 4489 trochaica
1486 4436 1593 4500 tripudia

469 4510 597 4573 junctum
613 4519 673 4560 esse
689 4506 776 4555 voluit
790 4505 956 4568 scheelius,
972 4507 1070 4558 ordine
1088 4508 1217 4558 metiens.
1237 4507 1390 4560 iambicum
1407 4509 1591 4574 septenarium.

474 4581 559 4632 ascito
577 4577 672 4644 satori
690 4591 755 4640 ereo
777 4581 923 4642 aequomst
938 4586 964 4629 et
988 4577 1086 4628 ordine
1105 4586 1169 4646 ante
1191 4591 1302 4628 omnem
1325 4579 1447 4644 traiecto,
1462 4577 1592 4630 constituit

470 4651 642 4717 Spengelius,
656 4649 673 4699 l.
685 4649 703 4698 l.
713 4649 787 4699 lctus
798 4650 948 4699 omiserunt
963 4650 1277 4702 Goetzius·Sohoellius.
1292 4651 1345 4701 Res
1355 4656 1397 4702 eat
1406 4651 1478 4716 libri,
1488 4651 1591 4716 spone,

470 4723 597 4783 G.-Scb.‚
613 4726 669 4772 reat
685 4720 750 4771 Soli.
767 4720 884 4769 Omnem
898 4721 937 4770 mi
948 4721 1047 4772 ordine
1060 4736 1118 4772 rem
1133 4722 1210 4785 Sch„
1223 4735 1332 4772 omnem
1347 4721 1378 4772 in
1389 4723 1514 4774 ordinem
1527 4720 1592 4781 libri,

470 4807 581 4846 omnem
596 4806 633 4843 en
644 4791 744 4842 ordine
756 4805 815 4843 rem
827 4791 951 4844 Bothiue.
