3450 5630
743 665 783 706 DE
805 665 970 710 Ptnu'rtuts
993 667 1192 714 ANAPAESTIS

599 901 632 958 4.
648 899 883 962 Puroemiucue
900 920 952 962 un.
971 901 1153 965 trimetrum
1167 905 1313 988 sequitur

449 1051 542 1113 Truo.
556 1053 616 1114 566
643 1054 711 1116 sine
735 1053 830 1118 dubio
846 1076 899 1119 an.
917 1058 1057 1122 trimeter
1072 1071 1162 1124 estet
1176 1083 1207 1124 v.
1223 1064 1282 1126 567
1298 1065 1523 1146 paroemiacus.

450 1165 545 1226 Most.
576 1165 632 1226 861
672 1166 908 1247 paroemiacum
946 1169 1014 1246 jure
1053 1169 1282 1250 discripserunt
1326 1173 1525 1252 Spengclius‚

410 1263 601 1330 Schoenitas,
618 1263 970 1328 Goetzius·Sohoellius.
991 1269 1035 1328 De
1046 1287 1076 1329 v.
1093 1267 1154 1330 860
1168 1268 1222 1349 qui
1240 1288 1292 1332 an.
1306 1270 1446 1334 trimeter
1460 1291 1525 1335 esse

409 1368 543 1441 videtur,
553 1370 660 1430 confer
673 1368 763 1430 intra.

450 1479 532 1539 Rud.
549 1477 617 1552 186,
634 1498 707 1540 cum
721 1481 761 1540 ad
775 1499 804 1540 v.
820 1481 878 1541 185
904 1479 1149 1542 similitudinem
1172 1483 1437 1544 conformandum
1460 1503 1526 1547 esse

408 1596 562 1670 putarent,
588 1605 697 1650 versus
737 1587 914 1650 reizianum
940 1588 1143 1650 restituerunt
1172 1586 1356 1670 Seyffertus‚
1387 1591 1525 1654 Sonnen-

408 1692 579 1765 soheinius,
598 1692 852 1770 Semodiusque,
870 1709 925 1752 an.
943 1689 1119 1753 trimetrum
1136 1691 1337 1772 Spengelius.
1364 1694 1427 1756 Sed
1448 1714 1525 1773 quae

409 1803 599 1882 Spengelius
614 1803 701 1864 addit
723 1803 871 1862 lacunam
894 1798 926 1860 in
943 1797 1033 1860 libris
1048 1798 1206 1878 signatam
1220 1801 1389 1864 excedunt.
1408 1803 1525 1866 Reizia·

407 1931 467 1974 nus
483 1921 590 1974 autem
604 1911 656 1973 hic
672 1929 780 1972 versus
798 1906 864 1970 fieri
880 1927 942 1971 non
958 1918 1058 1988 potest
1072 1909 1133 1970 nisi
1150 1920 1271 1972 mutato
1290 1912 1377 1974 exitu
1396 1934 1402 1972 :
1424 1913 1525 1992 itaque

408 2015 617 2077 acerbitatum
648 2033 702 2094 pro
740 2013 890 2074 acerbum
918 2022 1074 2091 reponunt
1098 2013 1271 2094 Seyffertus
1297 2017 1524 2080 Sonnenschei-

408 2121 687 2201 niusque<uis>
697 2129 767 2200 post
780 2118 820 2180 iis
828 2117 916 2180 addit
926 2117 1118 2180 Schoellius.
1132 2121 1526 2202 Anapaesticusverosane

407 2239 454 2290 est
476 2228 558 2291 sicut
572 2248 602 2290 v.
620 2227 679 2290 185
701 2239 731 2289 et
744 2247 774 2286 v.
792 2226 848 2288 187
861 2244 939 2303 seq„
958 2227 1012 2286 sed
1028 2227 1150 2288 brevior
1165 2238 1200 2289 ut
1216 2247 1254 2290 ex
1274 2231 1301 2290 B
1323 2227 1525 2310 dispositione

407 2346 547 2416 apparet.
565 2339 633 2397 Nec
655 2333 830 2412 quidquam
854 2331 993 2412 amplius
1018 2332 1079 2394 nisi
1092 2339 1271 2415 <quum>
1285 2338 1425 2416 postulat
1453 2355 1523 2399 sen·

407 2451 513 2517 tentia,
542 2467 738 2512 nocnecesse
753 2459 799 2510 est
814 2446 953 2528 spatium
975 2465 1114 2508 vacuum
1136 2449 1265 2510 omuino
1290 2448 1421 2530 implere
1445 2454 1527 2532 quod·

407 2577 520 2622 novem
538 2561 588 2620 vel
611 2560 718 2620 decem
734 2557 911 2618 litterarum
935 2573 1036 2634 capax
1050 2575 1118 2617 esse
1135 2554 1280 2619 videtur:
1298 2577 1374 2622 nam
1390 2561 1524 2623 versieu-

406 2665 508 2726 lorum
525 2661 651 2724 initium
664 2661 759 2742 paulo
770 2659 895 2740 longius
911 2681 930 2722 a
945 2658 1087 2739 margine
1102 2660 1196 2721 scribi
1213 2663 1300 2724 solet.

485 2837 518 2898 5.
538 2833 772 2896 Puroemz'ucus
788 2853 841 2895 un.
857 2831 1033 2914 tripodium
1048 2833 1269 2896 catalecticum
1282 2836 1429 2918 nequitur

448 2985 520 3046 Cas.
540 2984 598 3046 173
624 2981 842 3062 paroemiacus
865 2999 933 3043 esse
958 2979 1094 3053 videtur,
1113 2998 1208 3058 quem
1231 2999 1283 3042 an.
1300 2981 1430 3062 dipodia
1452 3001 1522 3044 cum

409 3089 543 3170 tripudia
563 3088 743 3170 catalectico
764 3090 871 3167 juncta
895 3087 1052 3150 antecedit
1074 3088 1211 3165 itemque
1237 3105 1289 3148 an.
1307 3088 1436 3169 dipodia
1452 3108 1528 3185 cum.

414 3192 548 3274 tripodia
563 3191 745 3254 catalectica
757 3199 804 3252 ter
818 3192 927 3268 juncta
942 3189 1095 3269 sequitur.
1113 3190 1230 3252 Confer
1245 3210 1353 3272 supra,
1370 3211 1401 3271 p.
1415 3193 1483 3254 1312

450 3304 567 3363 Bacch.
584 3300 644 3363 636
654 3299 873 3381 paroemiaous
887 3316 962 3360 sane
973 3307 1059 3359 estet
1072 3315 1123 3360 an.
1136 3298 1305 3380 tripodium
1315 3299 1523 3362 catalecticum

407 3411 736 3492 sequitursimilisque
748 3419 835 3473 estv.
852 3409 951 3470 638a.
969 3409 1051 3471 Vide
1065 3429 1173 3490 supra,
1192 3429 1222 3489 p.
1240 3411 1312 3471 242.

448 3517 535 3576 Men.
548 3517 607 3578 982
627 3517 644 3576 b
659 3514 876 3594 paroemiacus
890 3531 958 3574 esse
969 3512 1094 3574 videtur
1103 3522 1133 3574 et
1144 3531 1197 3574 an.
1211 3511 1382 3591 tripodium
1396 3515 1521 3578 catalec-

405 3619 503 3681 ticam
511 3618 600 3698 sequi
612 3628 642 3680 et
656 3636 707 3679 an.
727 3616 894 3696 tripodium
906 3616 1121 3679 catalecticum
1132 3617 1227 3678 etiam
1242 3620 1435 3682 antecedere.

523 3785 553 3846 6.
571 3782 803 3845 Puroemiueus
814 3783 1003 3845 ducchiucoe
1020 3789 1224 3846 tetrametros
1246 3786 1391 3868 sequitur

447 3929 562 4006 Amph.
581 3928 638 3986 177
666 3926 899 4006 paroemiacum
924 3937 1004 3988 recte
1028 3927 1256 4006 discripserunt
1277 3929 1468 4009 Spengelius
1494 3938 1523 3991 et

407 4034 750 4096 Goetzius-Schoellius
765 4043 835 4096 etv.
854 4033 912 4095 176
927 4034 994 4094 sine
1016 4034 1111 4097 dubio
1134 4035 1323 4098 bacchiacus
1350 4046 1522 4100 tetrameter

407 4144 554 4203 est.Tum
569 4141 673 4202 versui
683 4139 741 4202 176
756 4159 785 4199 ν.
801 4140 858 4202 178
877 4138 992 4200 similis
1007 4149 1054 4201 est
1067 4138 1204 4218 itemque
1215 4141 1320 4202 versui
1333 4141 1391 4202 177
1407 4161 1438 4204 v.
1453 4143 1517 4204 179.

408 4247 493 4307 Nam
508 4266 537 4306 v.
551 4246 610 4308 179
625 4245 842 4326 paroemiaeus
858 4263 983 4324 quoque
999 4243 1217 4318 emendetur,
1234 4255 1357 4307 servata
1371 4230 1521 4310 librorum

407 4348 569 4422 memoria,
587 4350 679 4410 modo
709 4348 843 4410 creticus
859 4366 956 4408 uer-uu
972 4367 1024 4407 no·
1039 4345 1120 4409 sicut
1142 4345 1243 4423 dipnu
1267 4345 1311 4406 di·
1331 4347 1429 4410 Poen.
1446 4347 1520 4409 1177

406 4457 488 4538 (oct.)
502 4457 693 4540 anapaestici
709 4457 797 4540 pedis
814 4457 882 4520 vice
897 4461 1057 4537 iungatur.
1076 4456 1155 4520 Vide
1172 4477 1281 4538 supra,
1297 4479 1327 4540 p.
1345 4461 1399 4520 75.

447 4567 565 4646 Amph.
575 4567 634 4626 574
647 4564 880 4644 paroemiacum
893 4563 1122 4642 discripserunt
1139 4565 1519 4646 SpengeliuS‚Christius‚

406 4667 730 4741 Goetzius-Loewius‚
749 4667 1092 4730 Goetzius·Sohoellius
1109 4688 1116 4726 :
1136 4687 1200 4746 qua
1213 4671 1359 4732 clausula
1380 4669 1519 4732 bacchia-

405 4796 513 4840 corum
524 4787 774 4841 tetrametrorum
788 4777 884 4841 sorios
900 4774 1058 4855 (551-573)
1075 4779 1272 4872 terminatur.
