<?xml version="1.0" encoding="UTF-8"?>
<!DOCTYPE html PUBLIC "-//W3C//DTD XHTML 1.0 Transitional//EN"
    "http://www.w3.org/TR/xhtml1/DTD/xhtml1-transitional.dtd">
<html xmlns="http://www.w3.org/1999/xhtml" xml:lang="en" lang="en">
 <head>
  <title>
</title>
<meta http-equiv="Content-Type" content="text/html;charset=utf-8" />
  <meta name='ocr-system' content='tesseract 3.04.00' />
  <meta name='ocr-capabilities' content='ocr_page ocr_carea ocr_par ocr_line ocrx_word'/>
</head>
<body>
  <div class='ocr_page' id='page_1' title='image "./deplautinisanap00audogoog_0088.png"; bbox 0 0 3542 5624; ppageno 0'>
   <div class='ocr_carea' id='block_1_1' title="bbox 701 683 1366 750">
    <p class='ocr_par' dir='ltr' id='par_1_1' title="bbox 701 683 1366 750">
     <span class='ocr_line' id='line_1_1' title="bbox 701 683 1366 750; baseline 0 0"><span class='ocrx_word' id='word_1_1' title='bbox 701 708 743 750; x_wconf 86' lang='lat' dir='ltr'><em>os</em></span> <span class='ocrx_word' id='word_1_2' title='bbox 764 707 923 750; x_wconf 76' lang='lat' dir='ltr'><em>raosonm</em></span> <span class='ocrx_word' id='word_1_3' title='bbox 996 683 1001 698; x_wconf 76' lang='grc'>’</span> <span class='ocrx_word' id='word_1_4' title='bbox 1325 687 1366 750; x_wconf 80' lang='grc'><em>60</em></span> 
     </span>
    </p>
   </div>
   <div class='ocr_carea' id='block_1_2' title="bbox 246 855 1367 1469">
    <p class='ocr_par' dir='ltr' id='par_1_2' title="bbox 246 855 1367 1469">
     <span class='ocr_line' id='line_1_2' title="bbox 248 855 1367 940; baseline 0.004 -22"><span class='ocrx_word' id='word_1_5' title='bbox 248 867 316 936; x_wconf 90' lang='lat' dir='ltr'><em>post</em></span> <span class='ocrx_word' id='word_1_6' title='bbox 328 855 514 919; x_wconf 82' lang='lat' dir='ltr'>adverbium</span> <span class='ocrx_word' id='word_1_7' title='bbox 530 855 583 917; x_wconf 76' lang='lat' dir='ltr'><em>tic</em></span> <span class='ocrx_word' id='word_1_8' title='bbox 602 856 704 934; x_wconf 81' lang='lat' dir='ltr'><em>(Pers</em></span> <span class='ocrx_word' id='word_1_9' title='bbox 718 857 777 920; x_wconf 81' lang='grc'><em>788</em></span> <span class='ocrx_word' id='word_1_10' title='bbox 791 870 866 928; x_wconf 86' lang='lat' dir='ltr'><em>oct,</em></span> <span class='ocrx_word' id='word_1_11' title='bbox 883 859 936 920; x_wconf 79' lang='lat' dir='ltr'><em>hic</em></span> <span class='ocrx_word' id='word_1_12' title='bbox 952 856 1090 940; x_wconf 78' lang='lat' dir='ltr'><em>qatdtmt</em></span> <span class='ocrx_word' id='word_1_13' title='bbox 1105 858 1244 939; x_wconf 90' lang='lat' dir='ltr'><em>ponitur,</em></span> <span class='ocrx_word' id='word_1_14' title='bbox 1257 861 1367 922; x_wconf 86' lang='lat' dir='ltr'><em>eodem</em></span> 
     </span>
     <span class='ocr_line' id='line_1_3' title="bbox 246 963 1098 1046; baseline 0.002 -22"><span class='ocrx_word' id='word_1_15' title='bbox 246 965 338 1024; x_wconf 89' lang='lat' dir='ltr'><em>modo</em></span> <span class='ocrx_word' id='word_1_16' title='bbox 355 980 417 1043; x_wconf 92' lang='lat' dir='ltr'><em>quo</em></span> <span class='ocrx_word' id='word_1_17' title='bbox 433 973 554 1025; x_wconf 89' lang='lat' dir='ltr'><em>ceterae</em></span> <span class='ocrx_word' id='word_1_18' title='bbox 569 963 729 1026; x_wconf 88' lang='lat' dir='ltr'><em>iambicae</em></span> <span class='ocrx_word' id='word_1_19' title='bbox 746 983 836 1027; x_wconf 90' lang='lat' dir='ltr'><em>vocos</em></span> <span class='ocrx_word' id='word_1_20' title='bbox 851 964 975 1027; x_wconf 87' lang='lat' dir='ltr'><em>tractari</em></span> <span class='ocrx_word' id='word_1_21' title='bbox 988 974 1098 1046; x_wconf 87' lang='lat' dir='ltr'><em>potest.</em></span> 
     </span>
     <span class='ocr_line' id='line_1_4' title="bbox 295 1063 1011 1152; baseline 0 -22"><span class='ocrx_word' id='word_1_22' title='bbox 295 1063 600 1152; x_wconf 80' lang='lat' dir='ltr'><em>Quandoquidemin</em></span> <span class='ocrx_word' id='word_1_23' title='bbox 615 1071 792 1150; x_wconf 79' lang='lat' dir='ltr'>anapaestis</span> <span class='ocrx_word' id='word_1_24' title='bbox 805 1090 868 1133; x_wconf 88' lang='lat' dir='ltr'><em>non</em></span> <span class='ocrx_word' id='word_1_25' title='bbox 892 1071 1011 1134; x_wconf 87' lang='lat' dir='ltr'><em>inveni.</em></span> 
     </span>
     <span class='ocr_line' id='line_1_5' title="bbox 288 1163 1366 1260; baseline 0.005 -26"><span class='ocrx_word' id='word_1_26' title='bbox 288 1163 499 1244; x_wconf 63' lang='lat' dir='ltr'><em>Quod&#39;autem</em></span> <span class='ocrx_word' id='word_1_27' title='bbox 508 1173 711 1244; x_wconf 87' lang='lat' dir='ltr'><em>Skutschius,</em></span> <span class='ocrx_word' id='word_1_28' title='bbox 724 1175 820 1248; x_wconf 84' lang='lat' dir='ltr'><em>l.s.s.,</em></span> <span class='ocrx_word' id='word_1_29' title='bbox 837 1177 876 1237; x_wconf 93' lang='lat' dir='ltr'><em>de</em></span> <span class='ocrx_word' id='word_1_30' title='bbox 886 1176 1042 1257; x_wconf 73' lang='lat' dir='ltr'><em>quisquis,</em></span> <span class='ocrx_word' id='word_1_31' title='bbox 1058 1177 1223 1259; x_wconf 77' lang='lat' dir='ltr'><em>quicquid,</em></span> <span class='ocrx_word' id='word_1_32' title='bbox 1236 1180 1269 1239; x_wconf 81' lang='lat' dir='ltr'><em>sl</em></span> <span class='ocrx_word' id='word_1_33' title='bbox 1282 1178 1366 1260; x_wconf 81' lang='lat' dir='ltr'><em>quis,</em></span> 
     </span>
     <span class='ocr_line' id='line_1_6' title="bbox 248 1281 1366 1364; baseline 0.005 -22"><span class='ocrx_word' id='word_1_34' title='bbox 248 1283 281 1342; x_wconf 79' lang='lat' dir='ltr'><em>st</em></span> <span class='ocrx_word' id='word_1_35' title='bbox 301 1281 378 1362; x_wconf 83' lang='lat' dir='ltr'><em>qaid</em></span> <span class='ocrx_word' id='word_1_36' title='bbox 393 1291 423 1342; x_wconf 87' lang='lat' dir='ltr'><em>et</em></span> <span class='ocrx_word' id='word_1_37' title='bbox 434 1281 593 1344; x_wconf 89' lang='lat' dir='ltr'><em>similibus</em></span> <span class='ocrx_word' id='word_1_38' title='bbox 613 1283 748 1361; x_wconf 85' lang='lat' dir='ltr'><em>conjecit</em></span> <span class='ocrx_word' id='word_1_39' title='bbox 771 1303 882 1364; x_wconf 88' lang='lat' dir='ltr'><em>parum</em></span> <span class='ocrx_word' id='word_1_40' title='bbox 902 1285 966 1346; x_wconf 88' lang='lat' dir='ltr'><em>veri</em></span> <span class='ocrx_word' id='word_1_41' title='bbox 983 1284 1088 1346; x_wconf 84' lang='lat' dir='ltr'><em>simile</em></span> <span class='ocrx_word' id='word_1_42' title='bbox 1101 1287 1235 1348; x_wconf 88' lang='lat' dir='ltr'><em>videtur.</em></span> <span class='ocrx_word' id='word_1_43' title='bbox 1250 1289 1366 1350; x_wconf 83' lang='lat' dir='ltr'><em>Confer</em></span> 
     </span>
     <span class='ocr_line' id='line_1_7' title="bbox 248 1385 985 1469; baseline 0.004 -21"><span class='ocrx_word' id='word_1_44' title='bbox 248 1397 278 1448; x_wconf 81' lang='lat' dir='ltr'><em>st</em></span> <span class='ocrx_word' id='word_1_45' title='bbox 293 1387 453 1469; x_wconf 81' lang='lat' dir='ltr'><em>qatsCist.</em></span> <span class='ocrx_word' id='word_1_46' title='bbox 469 1385 539 1459; x_wconf 84' lang='lat'><em>678,</em></span> <span class='ocrx_word' id='word_1_47' title='bbox 554 1387 707 1468; x_wconf 75' lang='lat' dir='ltr'><em>quicquid</em></span> <span class='ocrx_word' id='word_1_48' title='bbox 723 1388 809 1452; x_wconf 77' lang='lat' dir='ltr'>aad.</span> <span class='ocrx_word' id='word_1_49' title='bbox 825 1387 896 1462; x_wconf 82' lang='grc'><strong>925,</strong></span> <span class='ocrx_word' id='word_1_50' title='bbox 911 1389 985 1452; x_wconf 85' lang='grc'><strong>926.</strong></span> 
     </span>
    </p>
   </div>
   <div class='ocr_carea' id='block_1_3' title="bbox 279 1603 1318 1774">
    <p class='ocr_par' dir='ltr' id='par_1_3' title="bbox 279 1603 1318 1774">
     <span class='ocr_line' id='line_1_8' title="bbox 279 1603 1318 1688; baseline -0.002 -18"><span class='ocrx_word' id='word_1_51' title='bbox 279 1603 285 1612; x_wconf 74' lang='grc'><em>’</em></span> <span class='ocrx_word' id='word_1_52' title='bbox 300 1610 314 1684; x_wconf 70' lang='lat' dir='ltr'>S</span> <span class='ocrx_word' id='word_1_53' title='bbox 327 1610 356 1670; x_wconf 88' lang='lat'><em>3.</em></span> <span class='ocrx_word' id='word_1_54' title='bbox 373 1640 412 1651; x_wconf 91' lang='lat'><em>-</em></span> <span class='ocrx_word' id='word_1_55' title='bbox 427 1608 477 1669; x_wconf 87' lang='lat' dir='ltr'><em>Dc</em></span> <span class='ocrx_word' id='word_1_56' title='bbox 491 1607 629 1688; x_wconf 73' lang='lat' dir='ltr'><em>synizcsi</em></span> <span class='ocrx_word' id='word_1_57' title='bbox 643 1607 677 1668; x_wconf 83' lang='lat' dir='ltr'><em>in</em></span> <span class='ocrx_word' id='word_1_58' title='bbox 688 1607 834 1668; x_wconf 77' lang='lat' dir='ltr'><em>iambicis</em></span> <span class='ocrx_word' id='word_1_59' title='bbox 846 1609 907 1676; x_wconf 87' lang='lat' dir='ltr'><em>(nel</em></span> <span class='ocrx_word' id='word_1_60' title='bbox 923 1607 1058 1668; x_wconf 81' lang='lat' dir='ltr'><em>iambica</em></span> <span class='ocrx_word' id='word_1_61' title='bbox 1075 1606 1300 1688; x_wconf 82' lang='lat' dir='ltr'><em>incipientibus</em></span> <span class='ocrx_word' id='word_1_62' title='bbox 1300 1609 1318 1684; x_wconf 90' lang='lat'><em>)</em></span> 
     </span>
     <span class='ocr_line' id='line_1_9' title="bbox 744 1712 880 1774; baseline -0.015 -1"><span class='ocrx_word' id='word_1_63' title='bbox 744 1712 880 1774; x_wconf 80' lang='lat' dir='ltr'><em>vocibus.</em></span> 
     </span>
    </p>
   </div>
   <div class='ocr_carea' id='block_1_4' title="bbox 235 1905 1370 3886">
    <p class='ocr_par' dir='ltr' id='par_1_4' title="bbox 250 1905 1368 2186">
     <span class='ocr_line' id='line_1_10' title="bbox 293 1905 1366 1987; baseline -0.002 -15"><span class='ocrx_word' id='word_1_64' title='bbox 293 1913 329 1972; x_wconf 91' lang='lat' dir='ltr'><em>ln</em></span> <span class='ocrx_word' id='word_1_65' title='bbox 350 1908 458 1972; x_wconf 90' lang='lat' dir='ltr'><em>multis</em></span> <span class='ocrx_word' id='word_1_66' title='bbox 475 1908 618 1970; x_wconf 83' lang='lat' dir='ltr'><em>iambicis</em></span> <span class='ocrx_word' id='word_1_67' title='bbox 635 1907 697 1984; x_wconf 78' lang='lat' dir='ltr'><em>lvel</em></span> <span class='ocrx_word' id='word_1_68' title='bbox 724 1905 858 1970; x_wconf 83' lang='lat' dir='ltr'><em>iambica</em></span> <span class='ocrx_word' id='word_1_69' title='bbox 873 1905 1112 1984; x_wconf 89' lang='lat' dir='ltr'><em>incipientibusl</em></span> <span class='ocrx_word' id='word_1_70' title='bbox 1129 1907 1258 1970; x_wconf 89' lang='lat' dir='ltr'><em>vocibus</em></span> <span class='ocrx_word' id='word_1_71' title='bbox 1275 1927 1366 1987; x_wconf 88' lang='lat' dir='ltr'><em>saepe</em></span> 
     </span>
     <span class='ocr_line' id='line_1_11' title="bbox 250 2013 1368 2094; baseline -0.001 -15"><span class='ocrx_word' id='word_1_72' title='bbox 250 2016 385 2079; x_wconf 89' lang='lat' dir='ltr'><em>dubium</em></span> <span class='ocrx_word' id='word_1_73' title='bbox 399 2027 446 2078; x_wconf 88' lang='lat' dir='ltr'><em>est</em></span> <span class='ocrx_word' id='word_1_74' title='bbox 458 2027 561 2078; x_wconf 89' lang='lat' dir='ltr'><em>utrum</em></span> <span class='ocrx_word' id='word_1_75' title='bbox 585 2018 682 2077; x_wconf 89' lang='lat' dir='ltr'><em>altera</em></span> <span class='ocrx_word' id='word_1_76' title='bbox 704 2016 826 2094; x_wconf 89' lang='lat' dir='ltr'><em>syllaba</em></span> <span class='ocrx_word' id='word_1_77' title='bbox 848 2013 1036 2094; x_wconf 80' lang='lat' dir='ltr'><em>corripiatur</em></span> <span class='ocrx_word' id='word_1_78' title='bbox 1050 2033 1091 2076; x_wconf 92' lang='lat' dir='ltr'><em>an</em></span> <span class='ocrx_word' id='word_1_79' title='bbox 1116 2013 1270 2094; x_wconf 88' lang='lat' dir='ltr'><em>synizesis</em></span> <span class='ocrx_word' id='word_1_80' title='bbox 1286 2017 1368 2078; x_wconf 87' lang='lat' dir='ltr'><em>iacta</em></span> 
     </span>
     <span class='ocr_line' id='line_1_12' title="bbox 251 2115 750 2186; baseline -0.004 -8"><span class='ocrx_word' id='word_1_81' title='bbox 251 2115 303 2178; x_wconf 91' lang='lat' dir='ltr'><em>sit.</em></span> <span class='ocrx_word' id='word_1_82' title='bbox 744 2169 750 2186; x_wconf 82' lang='lat'><em>,</em></span> 
     </span>
    </p>

    <p class='ocr_par' dir='ltr' id='par_1_5' title="bbox 249 2219 1370 3036">
     <span class='ocr_line' id='line_1_13' title="bbox 291 2219 1367 2300; baseline -0.002 -16"><span class='ocrx_word' id='word_1_83' title='bbox 291 2224 376 2284; x_wconf 90' lang='lat' dir='ltr'><em>Nam</em></span> <span class='ocrx_word' id='word_1_84' title='bbox 391 2221 495 2284; x_wconf 87' lang='lat' dir='ltr'><em>metiri</em></span> <span class='ocrx_word' id='word_1_85' title='bbox 524 2222 625 2300; x_wconf 90' lang='lat' dir='ltr'><em>possis</em></span> <span class='ocrx_word' id='word_1_86' title='bbox 644 2219 730 2282; x_wconf 87' lang='lat' dir='ltr'><em>verbi</em></span> <span class='ocrx_word' id='word_1_87' title='bbox 757 2219 856 2300; x_wconf 84' lang='lat' dir='ltr'><em>gratia</em></span> <span class='ocrx_word' id='word_1_88' title='bbox 872 2220 964 2281; x_wconf 75' lang='lat' dir='ltr'><em>attint</em></span> <span class='ocrx_word' id='word_1_89' title='bbox 986 2223 1034 2282; x_wconf 90' lang='lat' dir='ltr'><em>vel</em></span> <span class='ocrx_word' id='word_1_90' title='bbox 1056 2219 1149 2293; x_wconf 67' lang='lat' dir='ltr'><em>dasne</em></span> <span class='ocrx_word' id='word_1_91' title='bbox 1174 2221 1290 2282; x_wconf 83' lang='lat' dir='ltr'><strong>Pseud.</strong></span> <span class='ocrx_word' id='word_1_92' title='bbox 1306 2221 1367 2282; x_wconf 81' lang='grc'><em>936</em></span> 
     </span>
     <span class='ocr_line' id='line_1_14' title="bbox 252 2326 1366 2410; baseline -0.001 -18"><span class='ocrx_word' id='word_1_93' title='bbox 252 2328 371 2410; x_wconf 77' lang='lat' dir='ltr'><em>(sept),</em></span> <span class='ocrx_word' id='word_1_94' title='bbox 396 2334 486 2391; x_wconf 70' lang='lat' dir='ltr'><em>stiam</em></span> <span class='ocrx_word' id='word_1_95' title='bbox 514 2332 564 2394; x_wconf 92' lang='lat' dir='ltr'><em>vel</em></span> <span class='ocrx_word' id='word_1_96' title='bbox 591 2341 682 2402; x_wconf 71' lang='lat' dir='ltr'><em>suom</em></span> <span class='ocrx_word' id='word_1_97' title='bbox 698 2331 814 2392; x_wconf 86' lang='lat' dir='ltr'><strong>Pseud.</strong></span> <span class='ocrx_word' id='word_1_98' title='bbox 833 2329 910 2390; x_wconf 82' lang='lat'>1104</span> <span class='ocrx_word' id='word_1_99' title='bbox 935 2326 1033 2406; x_wconf 79' lang='lat' dir='ltr'><em>(oct),</em></span> <span class='ocrx_word' id='word_1_100' title='bbox 1051 2327 1184 2390; x_wconf 73' lang='lat' dir='ltr'><em>atteret</em></span> <span class='ocrx_word' id='word_1_101' title='bbox 1209 2328 1277 2404; x_wconf 69' lang='lat' dir='ltr'><em>dies</em></span> <span class='ocrx_word' id='word_1_102' title='bbox 1292 2331 1366 2391; x_wconf 85' lang='lat' dir='ltr'><em>Aul.</em></span> 
     </span>
     <span class='ocr_line' id='line_1_15' title="bbox 249 2429 1369 2511; baseline 0 -15"><span class='ocrx_word' id='word_1_103' title='bbox 249 2436 309 2496; x_wconf 83' lang='lat'><em>722</em></span> <span class='ocrx_word' id='word_1_104' title='bbox 326 2431 424 2511; x_wconf 77' lang='lat' dir='ltr'><em>(oct),</em></span> <span class='ocrx_word' id='word_1_105' title='bbox 443 2435 512 2495; x_wconf 77' lang='lat' dir='ltr'><em>ccib</em></span> <span class='ocrx_word' id='word_1_106' title='bbox 528 2436 575 2495; x_wconf 91' lang='lat' dir='ltr'><em>vel</em></span> <span class='ocrx_word' id='word_1_107' title='bbox 592 2433 658 2508; x_wconf 75' lang='lat' dir='ltr'><em>scio</em></span> <span class='ocrx_word' id='word_1_108' title='bbox 674 2435 749 2494; x_wconf 90' lang='lat' dir='ltr'><em>Aul.</em></span> <span class='ocrx_word' id='word_1_109' title='bbox 766 2433 826 2494; x_wconf 82' lang='lat'><em>718</em></span> <span class='ocrx_word' id='word_1_110' title='bbox 842 2429 940 2507; x_wconf 75' lang='lat' dir='ltr'><em>(oct),</em></span> <span class='ocrx_word' id='word_1_111' title='bbox 956 2434 1025 2494; x_wconf 71' lang='lat' dir='ltr'><em>idm</em></span> <span class='ocrx_word' id='word_1_112' title='bbox 1052 2435 1101 2494; x_wconf 91' lang='lat' dir='ltr'><em>vel</em></span> <span class='ocrx_word' id='word_1_113' title='bbox 1116 2440 1183 2494; x_wconf 76' lang='lat' dir='ltr'><em>eam</em></span> <span class='ocrx_word' id='word_1_114' title='bbox 1201 2433 1272 2494; x_wconf 90' lang='lat' dir='ltr'><em>Mil.</em></span> <span class='ocrx_word' id='word_1_115' title='bbox 1290 2435 1369 2496; x_wconf 92' lang='grc'><strong>1050</strong></span> 
     </span>
     <span class='ocr_line' id='line_1_16' title="bbox 251 2538 1367 2620; baseline 0 -18"><span class='ocrx_word' id='word_1_116' title='bbox 251 2538 366 2620; x_wconf 85' lang='lat' dir='ltr'><em>(sept),</em></span> <span class='ocrx_word' id='word_1_117' title='bbox 384 2541 461 2602; x_wconf 63' lang='lat' dir='ltr'><em>mels</em></span> <span class='ocrx_word' id='word_1_118' title='bbox 477 2543 524 2602; x_wconf 93' lang='lat' dir='ltr'><em>vel</em></span> <span class='ocrx_word' id='word_1_119' title='bbox 548 2551 625 2600; x_wconf 83' lang='lat' dir='ltr'><em>mets</em></span> <span class='ocrx_word' id='word_1_120' title='bbox 642 2539 712 2600; x_wconf 92' lang='lat' dir='ltr'><em>Mil.</em></span> <span class='ocrx_word' id='word_1_121' title='bbox 729 2539 818 2610; x_wconf 78' lang='lat'><em>1029,</em></span> <span class='ocrx_word' id='word_1_122' title='bbox 833 2539 965 2600; x_wconf 61' lang='lat' dir='ltr'><em>&amp;dudem</em></span> <span class='ocrx_word' id='word_1_123' title='bbox 982 2540 1030 2600; x_wconf 91' lang='lat' dir='ltr'><em>vel</em></span> <span class='ocrx_word' id='word_1_124' title='bbox 1045 2541 1176 2601; x_wconf 80' lang='lat' dir='ltr'><em>candem</em></span> <span class='ocrx_word' id='word_1_125' title='bbox 1193 2539 1264 2602; x_wconf 87' lang='lat' dir='ltr'><em>Mil.</em></span> <span class='ocrx_word' id='word_1_126' title='bbox 1278 2543 1367 2614; x_wconf 84' lang='lat'>1071,</span> 
     </span>
     <span class='ocr_line' id='line_1_17' title="bbox 251 2637 1370 2720; baseline -0.003 -12"><span class='ocrx_word' id='word_1_127' title='bbox 251 2639 336 2708; x_wconf 83' lang='lat' dir='ltr'><em>diem</em></span> <span class='ocrx_word' id='word_1_128' title='bbox 351 2646 434 2706; x_wconf 74' lang='lat' dir='ltr'><em>banc</em></span> <span class='ocrx_word' id='word_1_129' title='bbox 447 2648 494 2707; x_wconf 86' lang='lat' dir='ltr'><em>vel</em></span> <span class='ocrx_word' id='word_1_130' title='bbox 509 2643 593 2718; x_wconf 71' lang='lat' dir='ltr'><em>diem</em></span> <span class='ocrx_word' id='word_1_131' title='bbox 608 2645 692 2706; x_wconf 82' lang='lat' dir='ltr'><em>hanc</em></span> <span class='ocrx_word' id='word_1_132' title='bbox 723 2647 819 2706; x_wconf 91' lang='lat' dir='ltr'><em>Pocn.</em></span> <span class='ocrx_word' id='word_1_133' title='bbox 838 2643 916 2705; x_wconf 88' lang='grc'><strong>1188</strong></span> <span class='ocrx_word' id='word_1_134' title='bbox 941 2640 1036 2720; x_wconf 80' lang='lat' dir='ltr'><em>(oct),</em></span> <span class='ocrx_word' id='word_1_135' title='bbox 1052 2637 1119 2704; x_wconf 80' lang='lat' dir='ltr'><em>scio</em></span> <span class='ocrx_word' id='word_1_136' title='bbox 1140 2645 1169 2704; x_wconf 78' lang='lat' dir='ltr'><em>tt</em></span> <span class='ocrx_word' id='word_1_137' title='bbox 1184 2645 1232 2704; x_wconf 92' lang='lat' dir='ltr'><em>vel</em></span> <span class='ocrx_word' id='word_1_138' title='bbox 1258 2643 1325 2719; x_wconf 68' lang='lat' dir='ltr'><em>scio</em></span> <span class='ocrx_word' id='word_1_139' title='bbox 1340 2646 1370 2705; x_wconf 83' lang='lat' dir='ltr'><em>c&#39;t</em></span> 
     </span>
     <span class='ocr_line' id='line_1_18' title="bbox 252 2744 1366 2828; baseline -0.003 -15"><span class='ocrx_word' id='word_1_140' title='bbox 252 2753 329 2813; x_wconf 90' lang='lat' dir='ltr'><em>Pers</em></span> <span class='ocrx_word' id='word_1_141' title='bbox 353 2750 411 2812; x_wconf 88' lang='grc'><em>176</em></span> <span class='ocrx_word' id='word_1_142' title='bbox 423 2747 538 2827; x_wconf 82' lang='lat' dir='ltr'><em>(dim),</em></span> <span class='ocrx_word' id='word_1_143' title='bbox 553 2752 643 2808; x_wconf 74' lang='lat' dir='ltr'><em>stiam</em></span> <span class='ocrx_word' id='word_1_144' title='bbox 654 2747 790 2828; x_wconf 72' lang='lat' dir='ltr'><em>afficiam</em></span> <span class='ocrx_word' id='word_1_145' title='bbox 804 2749 852 2808; x_wconf 92' lang='lat' dir='ltr'><em>vel</em></span> <span class='ocrx_word' id='word_1_146' title='bbox 869 2767 958 2818; x_wconf 77' lang='lat' dir='ltr'><em>suom</em></span> <span class='ocrx_word' id='word_1_147' title='bbox 974 2744 1110 2826; x_wconf 85' lang='lat' dir='ltr'><em>officium</em></span> <span class='ocrx_word' id='word_1_148' title='bbox 1132 2744 1232 2808; x_wconf 90' lang='lat' dir='ltr'><em>Stich.</em></span> <span class='ocrx_word' id='word_1_149' title='bbox 1250 2748 1300 2818; x_wconf 82' lang='lat'><em>34,</em></span> <span class='ocrx_word' id='word_1_150' title='bbox 1316 2749 1366 2810; x_wconf 88' lang='grc'><em>40.</em></span> 
     </span>
     <span class='ocr_line' id='line_1_19' title="bbox 253 2850 1368 2932; baseline -0.004 -14"><span class='ocrx_word' id='word_1_151' title='bbox 253 2853 382 2918; x_wconf 78' lang='lat' dir='ltr'><em>Scilicet</em></span> <span class='ocrx_word' id='word_1_152' title='bbox 397 2852 429 2914; x_wconf 93' lang='lat' dir='ltr'><em>in</em></span> <span class='ocrx_word' id='word_1_153' title='bbox 439 2854 568 2915; x_wconf 89' lang='lat' dir='ltr'><em>vocibus</em></span> <span class='ocrx_word' id='word_1_154' title='bbox 579 2852 658 2919; x_wconf 85' lang='lat' dir='ltr'><em>dies,</em></span> <span class='ocrx_word' id='word_1_155' title='bbox 669 2872 770 2926; x_wconf 86' lang='lat' dir='ltr'><em>suom,</em></span> <span class='ocrx_word' id='word_1_156' title='bbox 783 2850 1020 2930; x_wconf 87' lang='lat' dir='ltr'><em>similibusque,</em></span> <span class='ocrx_word' id='word_1_157' title='bbox 1033 2850 1044 2911; x_wconf 87' lang='lat' dir='ltr'><em>i</em></span> <span class='ocrx_word' id='word_1_158' title='bbox 1056 2862 1086 2912; x_wconf 90' lang='lat' dir='ltr'><em>et</em></span> <span class='ocrx_word' id='word_1_159' title='bbox 1102 2869 1184 2912; x_wconf 87' lang='lat' dir='ltr'><em>ascu</em></span> <span class='ocrx_word' id='word_1_160' title='bbox 1199 2871 1252 2932; x_wconf 91' lang='lat' dir='ltr'><em>pro</em></span> <span class='ocrx_word' id='word_1_161' title='bbox 1267 2851 1368 2914; x_wconf 90' lang='lat' dir='ltr'><em>vocali</em></span> 
     </span>
     <span class='ocr_line' id='line_1_20' title="bbox 252 2952 1370 3036; baseline -0.004 -18"><span class='ocrx_word' id='word_1_162' title='bbox 252 2975 307 3018; x_wconf 91' lang='lat' dir='ltr'><em>seu</em></span> <span class='ocrx_word' id='word_1_163' title='bbox 323 2975 378 3036; x_wconf 95' lang='lat' dir='ltr'><em>pro</em></span> <span class='ocrx_word' id='word_1_164' title='bbox 389 2954 571 3016; x_wconf 83' lang='lat' dir='ltr'><em>semivocali</em></span> <span class='ocrx_word' id='word_1_165' title='bbox 588 2952 695 3016; x_wconf 89' lang='lat' dir='ltr'><em>haberi</em></span> <span class='ocrx_word' id='word_1_166' title='bbox 722 2962 863 3031; x_wconf 84' lang='lat' dir='ltr'><em>possunt,</em></span> <span class='ocrx_word' id='word_1_167' title='bbox 880 2952 1020 3032; x_wconf 90' lang='lat' dir='ltr'><em>itemque</em></span> <span class='ocrx_word' id='word_1_168' title='bbox 1037 2973 1052 3012; x_wconf 86' lang='lat' dir='ltr'><em>e</em></span> <span class='ocrx_word' id='word_1_169' title='bbox 1067 2952 1099 3014; x_wconf 95' lang='lat' dir='ltr'><em>in</em></span> <span class='ocrx_word' id='word_1_170' title='bbox 1115 2972 1195 3024; x_wconf 88' lang='lat' dir='ltr'><em>eam,</em></span> <span class='ocrx_word' id='word_1_171' title='bbox 1210 2953 1299 3015; x_wconf 86' lang='lat' dir='ltr'><em>meis.</em></span> <span class='ocrx_word' id='word_1_172' title='bbox 1324 2956 1370 3014; x_wconf 90' lang='lat' dir='ltr'><em>De</em></span> 
     </span>
    </p>

    <p class='ocr_par' dir='ltr' id='par_1_6' title="bbox 235 3043 1368 3450">
     <span class='ocr_line' id='line_1_21' title="bbox 235 3043 1368 3139; baseline -0.001 -15"><span class='ocrx_word' id='word_1_173' title='bbox 235 3083 269 3124; x_wconf 88' lang='lat' dir='ltr'><em>·e</em></span> <span class='ocrx_word' id='word_1_174' title='bbox 292 3061 488 3129; x_wconf 84' lang='lat' dir='ltr'><em>semivocali,</em></span> <span class='ocrx_word' id='word_1_175' title='bbox 515 3063 621 3123; x_wconf 88' lang='lat' dir='ltr'><em>conler</em></span> <span class='ocrx_word' id='word_1_176' title='bbox 649 3063 740 3121; x_wconf 91' lang='lat' dir='ltr'><em>Gust.</em></span> <span class='ocrx_word' id='word_1_177' title='bbox 766 3061 886 3139; x_wconf 86' lang='lat' dir='ltr'><em>Meyer,</em></span> <span class='ocrx_word' id='word_1_178' title='bbox 920 3043 1127 3121; x_wconf 72' lang='lat' dir='ltr'><em>Griecbische</em></span> <span class='ocrx_word' id='word_1_179' title='bbox 1154 3061 1368 3137; x_wconf 80' lang='lat' dir='ltr'><em>Grammatile,</em></span> 
     </span>
     <span class='ocr_line' id='line_1_22' title="bbox 252 3166 1366 3248; baseline -0.001 -16"><span class='ocrx_word' id='word_1_180' title='bbox 252 3173 349 3248; x_wconf 68' lang='lat'>5151.</span> <span class='ocrx_word' id='word_1_181' title='bbox 377 3173 412 3231; x_wconf 94' lang='lat' dir='ltr'><em>ln</em></span> <span class='ocrx_word' id='word_1_182' title='bbox 428 3169 487 3242; x_wconf 82' lang='lat' dir='ltr'><em>ais,</em></span> <span class='ocrx_word' id='word_1_183' title='bbox 505 3168 561 3243; x_wconf 86' lang='lat' dir='ltr'><em>ait,</em></span> <span class='ocrx_word' id='word_1_184' title='bbox 593 3179 710 3238; x_wconf 92' lang='lat' dir='ltr'><em>contra,</em></span> <span class='ocrx_word' id='word_1_185' title='bbox 728 3169 826 3228; x_wconf 88' lang='lat' dir='ltr'><em>altera</em></span> <span class='ocrx_word' id='word_1_186' title='bbox 851 3166 970 3228; x_wconf 92' lang='lat' dir='ltr'><em>vocalis</em></span> <span class='ocrx_word' id='word_1_187' title='bbox 986 3186 1041 3248; x_wconf 92' lang='lat' dir='ltr'><em>pro</em></span> <span class='ocrx_word' id='word_1_188' title='bbox 1058 3168 1241 3230; x_wconf 88' lang='lat' dir='ltr'><em>semivocali</em></span> <span class='ocrx_word' id='word_1_189' title='bbox 1258 3170 1366 3231; x_wconf 88' lang='lat' dir='ltr'><em>haberi</em></span> 
     </span>
     <span class='ocr_line' id='line_1_23' title="bbox 254 3253 1368 3358; baseline -0.002 -17"><span class='ocrx_word' id='word_1_190' title='bbox 254 3289 352 3358; x_wconf 86' lang='lat' dir='ltr'><em>potest</em></span> <span class='ocrx_word' id='word_1_191' title='bbox 364 3297 460 3340; x_wconf 88' lang='lat' dir='ltr'><em>:nam</em></span> <span class='ocrx_word' id='word_1_192' title='bbox 475 3271 529 3337; x_wconf 70' lang='lat' dir='ltr'><em>cin</em></span> <span class='ocrx_word' id='word_1_193' title='bbox 541 3277 589 3338; x_wconf 89' lang='lat' dir='ltr'><em>vel</em></span> <span class='ocrx_word' id='word_1_194' title='bbox 608 3275 662 3351; x_wconf 69' lang='lat' dir='ltr'><em>aia</em></span> <span class='ocrx_word' id='word_1_195' title='bbox 677 3278 769 3338; x_wconf 88' lang='lat' dir='ltr'><em>Troo.</em></span> <span class='ocrx_word' id='word_1_196' title='bbox 787 3275 847 3339; x_wconf 88' lang='lat'><em>609</em></span> <span class='ocrx_word' id='word_1_197' title='bbox 872 3253 970 3354; x_wconf 68' lang='lat' dir='ltr'><em>(oct),</em></span> <span class='ocrx_word' id='word_1_198' title='bbox 989 3277 1035 3335; x_wconf 75' lang='lat' dir='ltr'><em>alt</em></span> <span class='ocrx_word' id='word_1_199' title='bbox 1052 3276 1101 3338; x_wconf 88' lang='lat' dir='ltr'><em>vel</em></span> <span class='ocrx_word' id='word_1_200' title='bbox 1125 3275 1171 3351; x_wconf 68' lang='lat' dir='ltr'><em>ait</em></span> <span class='ocrx_word' id='word_1_201' title='bbox 1200 3277 1272 3340; x_wconf 89' lang='lat' dir='ltr'><em>Mil.</em></span> <span class='ocrx_word' id='word_1_202' title='bbox 1292 3276 1368 3341; x_wconf 82' lang='lat'>1032</span> 
     </span>
     <span class='ocr_line' id='line_1_24' title="bbox 252 3387 491 3450; baseline -0.004 -2"><span class='ocrx_word' id='word_1_203' title='bbox 252 3387 394 3450; x_wconf 88' lang='lat' dir='ltr'><em>metiaris</em></span> <span class='ocrx_word' id='word_1_204' title='bbox 410 3387 491 3448; x_wconf 85' lang='lat' dir='ltr'><em>licet.</em></span> 
     </span>
    </p>

    <p class='ocr_par' dir='ltr' id='par_1_7' title="bbox 251 3486 1369 3784">
     <span class='ocr_line' id='line_1_25' title="bbox 292 3486 1369 3566; baseline -0.004 -14"><span class='ocrx_word' id='word_1_205' title='bbox 292 3490 448 3552; x_wconf 90' lang='lat' dir='ltr'><em>Nonnulli</em></span> <span class='ocrx_word' id='word_1_206' title='bbox 464 3501 568 3550; x_wconf 85' lang='lat' dir='ltr'><em>autem</em></span> <span class='ocrx_word' id='word_1_207' title='bbox 590 3499 664 3549; x_wconf 92' lang='lat' dir='ltr'><em>sunt</em></span> <span class='ocrx_word' id='word_1_208' title='bbox 688 3488 747 3548; x_wconf 91' lang='lat' dir='ltr'><em>loci</em></span> <span class='ocrx_word' id='word_1_209' title='bbox 764 3486 796 3546; x_wconf 89' lang='lat' dir='ltr'><em>in</em></span> <span class='ocrx_word' id='word_1_210' title='bbox 820 3486 936 3565; x_wconf 87' lang='lat' dir='ltr'><em>quibus</em></span> <span class='ocrx_word' id='word_1_211' title='bbox 967 3505 1029 3548; x_wconf 91' lang='lat' dir='ltr'><em>non</em></span> <span class='ocrx_word' id='word_1_212' title='bbox 1062 3488 1196 3549; x_wconf 90' lang='lat' dir='ltr'><em>dubium</em></span> <span class='ocrx_word' id='word_1_213' title='bbox 1220 3497 1267 3549; x_wconf 87' lang='lat' dir='ltr'><em>est</em></span> <span class='ocrx_word' id='word_1_214' title='bbox 1290 3487 1369 3566; x_wconf 90' lang='lat' dir='ltr'><em>quin</em></span> 
     </span>
     <span class='ocr_line' id='line_1_26' title="bbox 251 3587 1367 3673; baseline -0.004 -19"><span class='ocrx_word' id='word_1_215' title='bbox 251 3591 404 3673; x_wconf 87' lang='lat' dir='ltr'><em>synizesis</em></span> <span class='ocrx_word' id='word_1_216' title='bbox 420 3594 502 3653; x_wconf 88' lang='lat' dir='ltr'><em>lacta</em></span> <span class='ocrx_word' id='word_1_217' title='bbox 516 3591 567 3651; x_wconf 91' lang='lat' dir='ltr'><em>sit.</em></span> <span class='ocrx_word' id='word_1_218' title='bbox 587 3593 671 3652; x_wconf 91' lang='lat' dir='ltr'><em>Nam</em></span> <span class='ocrx_word' id='word_1_219' title='bbox 689 3591 806 3650; x_wconf 88' lang='lat' dir='ltr'><em>Bacch.</em></span> <span class='ocrx_word' id='word_1_220' title='bbox 826 3590 903 3650; x_wconf 82' lang='lat'>1157</span> <span class='ocrx_word' id='word_1_221' title='bbox 919 3587 985 3663; x_wconf 69' lang='lat' dir='ltr'><em>scio</em></span> <span class='ocrx_word' id='word_1_222' title='bbox 1003 3588 1034 3650; x_wconf 90' lang='lat' dir='ltr'><em>in</em></span> <span class='ocrx_word' id='word_1_223' title='bbox 1051 3607 1180 3650; x_wconf 87' lang='lat' dir='ltr'><em>caesura</em></span> <span class='ocrx_word' id='word_1_224' title='bbox 1201 3587 1367 3668; x_wconf 80' lang='lat' dir='ltr'><em>septenarii</em></span> 
     </span>
     <span class='ocr_line' id='line_1_27' title="bbox 252 3703 747 3784; baseline -0.022 -19"><span class='ocrx_word' id='word_1_225' title='bbox 252 3703 445 3784; x_wconf 89' lang='lat' dir='ltr'><em>disyllabum</em></span> <span class='ocrx_word' id='word_1_226' title='bbox 461 3719 529 3761; x_wconf 85' lang='lat' dir='ltr'><em>csse</em></span> <span class='ocrx_word' id='word_1_227' title='bbox 545 3718 608 3760; x_wconf 92' lang='lat' dir='ltr'><em>non</em></span> <span class='ocrx_word' id='word_1_228' title='bbox 626 3707 724 3776; x_wconf 89' lang='lat' dir='ltr'><em>potest</em></span> <span class='ocrx_word' id='word_1_229' title='bbox 741 3721 747 3754; x_wconf 89' lang='lat'>:</span> 
     </span>
    </p>

    <p class='ocr_par' dir='ltr' id='par_1_8' title="bbox 353 3804 1367 3886">
     <span class='ocr_line' id='line_1_28' title="bbox 353 3804 1367 3886; baseline -0.002 -16"><span class='ocrx_word' id='word_1_230' title='bbox 353 3807 457 3870; x_wconf 88' lang='lat' dir='ltr'><em>Nihili</em></span> <span class='ocrx_word' id='word_1_231' title='bbox 481 3826 563 3870; x_wconf 92' lang='lat' dir='ltr'><em>sum.</em></span> <span class='ocrx_word' id='word_1_232' title='bbox 597 3810 681 3868; x_wconf 91' lang='lat' dir='ltr'><em>Istuc</em></span> <span class='ocrx_word' id='word_1_233' title='bbox 702 3807 766 3885; x_wconf 86' lang='lat' dir='ltr'><em>jam</em></span> <span class='ocrx_word' id='word_1_234' title='bbox 797 3804 919 3885; x_wconf 89' lang='lat' dir='ltr'><em>pridem</em></span> <span class='ocrx_word' id='word_1_235' title='bbox 949 3805 1042 3869; x_wconf 92' lang='lat' dir='ltr'><em>scio:</em></span> <span class='ocrx_word' id='word_1_236' title='bbox 1072 3808 1125 3868; x_wconf 89' lang='lat' dir='ltr'><em>sed</em></span> <span class='ocrx_word' id='word_1_237' title='bbox 1151 3805 1207 3886; x_wconf 91' lang='lat' dir='ltr'><em>qul</em></span> <span class='ocrx_word' id='word_1_238' title='bbox 1235 3807 1367 3878; x_wconf 77' lang='lat' dir='ltr'><em>nihilis,</em></span> 
     </span>
    </p>
   </div>
   <div class='ocr_carea' id='block_1_5' title="bbox 1154 3913 1481 3994">
    <p class='ocr_par' dir='ltr' id='par_1_9' title="bbox 1154 3913 1481 3994">
     <span class='ocr_line' id='line_1_29' title="bbox 1154 3913 1481 3994; baseline 0.006 -17"><span class='ocrx_word' id='word_1_239' title='bbox 1154 3913 1198 3994; x_wconf 80' lang='lat' dir='ltr'><em>lid</em></span> <span class='ocrx_word' id='word_1_240' title='bbox 1214 3917 1365 3980; x_wconf 76' lang='lat' dir='ltr'><em>memora.</em></span> <span class='ocrx_word' id='word_1_241' title='bbox 1478 3938 1481 3945; x_wconf 89' lang='lat'><em>·</em></span> 
     </span>
    </p>
   </div>
   <div class='ocr_carea' id='block_1_6' title="bbox 248 4015 1368 4312">
    <p class='ocr_par' dir='ltr' id='par_1_10' title="bbox 248 4015 1368 4312">
     <span class='ocr_line' id='line_1_30' title="bbox 296 4015 1368 4098; baseline -0.005 -12"><span class='ocrx_word' id='word_1_242' title='bbox 296 4023 401 4086; x_wconf 90' lang='lat' dir='ltr'><em>Libris</em></span> <span class='ocrx_word' id='word_1_243' title='bbox 431 4021 515 4084; x_wconf 88' lang='lat' dir='ltr'><em>enim</em></span> <span class='ocrx_word' id='word_1_244' title='bbox 537 4018 685 4088; x_wconf 86' lang='lat' dir='ltr'><em>ducibus,</em></span> <span class='ocrx_word' id='word_1_245' title='bbox 704 4015 913 4097; x_wconf 84' lang='lat' dir='ltr'><em>jampridem</em></span> <span class='ocrx_word' id='word_1_246' title='bbox 935 4015 1001 4078; x_wconf 84' lang='lat' dir='ltr'><em>scio</em></span> <span class='ocrx_word' id='word_1_247' title='bbox 1026 4018 1217 4098; x_wconf 85' lang='lat' dir='ltr'><em>scripseram</em></span> <span class='ocrx_word' id='word_1_248' title='bbox 1234 4020 1368 4080; x_wconf 81' lang='lat' dir='ltr'><em>Vossius</em></span> 
     </span>
     <span class='ocr_line' id='line_1_31' title="bbox 255 4119 1368 4207; baseline -0.009 -15"><span class='ocrx_word' id='word_1_249' title='bbox 255 4126 454 4207; x_wconf 82' lang='lat' dir='ltr'><em>Spengelius,</em></span> <span class='ocrx_word' id='word_1_250' title='bbox 483 4122 640 4185; x_wconf 82' lang='lat' dir='ltr'><em>Goetzius.</em></span> <span class='ocrx_word' id='word_1_251' title='bbox 664 4119 1021 4191; x_wconf 75' lang='lat' dir='ltr'><em>Goetzius-Schoellius</em></span> <span class='ocrx_word' id='word_1_252' title='bbox 1048 4140 1105 4184; x_wconf 90' lang='lat' dir='ltr'><em>nec</em></span> <span class='ocrx_word' id='word_1_253' title='bbox 1129 4123 1198 4199; x_wconf 86' lang='lat' dir='ltr'><em>jure</em></span> <span class='ocrx_word' id='word_1_254' title='bbox 1218 4122 1283 4183; x_wconf 85' lang='lat' dir='ltr'><em>scio</em></span> <span class='ocrx_word' id='word_1_255' title='bbox 1297 4123 1368 4194; x_wconf 84' lang='lat' dir='ltr'><em>jam</em></span> 
     </span>
     <span class='ocr_line' id='line_1_32' title="bbox 248 4222 1013 4312; baseline -0.005 -22"><span class='ocrx_word' id='word_1_256' title='bbox 248 4229 377 4312; x_wconf 84' lang='lat' dir='ltr'><em>pridem</em></span> <span class='ocrx_word' id='word_1_257' title='bbox 391 4233 598 4288; x_wconf 84' lang='lat' dir='ltr'><em>correxerunt</em></span> <span class='ocrx_word' id='word_1_258' title='bbox 613 4222 746 4284; x_wconf 88' lang='lat' dir='ltr'><em>Bothius</em></span> <span class='ocrx_word' id='word_1_259' title='bbox 763 4223 1013 4301; x_wconf 87' lang='lat' dir='ltr'><em>Muellerusque.</em></span> 
     </span>
    </p>
   </div>
   <div class='ocr_carea' id='block_1_7' title="bbox 251 4330 1368 4516">
    <p class='ocr_par' dir='ltr' id='par_1_11' title="bbox 251 4330 1368 4516">
     <span class='ocr_line' id='line_1_33' title="bbox 295 4330 1368 4413; baseline -0.001 -17"><span class='ocrx_word' id='word_1_260' title='bbox 295 4338 373 4397; x_wconf 90' lang='lat' dir='ltr'><em>ltem</em></span> <span class='ocrx_word' id='word_1_261' title='bbox 390 4332 508 4393; x_wconf 89' lang='lat' dir='ltr'><em>Bacch.</em></span> <span class='ocrx_word' id='word_1_262' title='bbox 526 4331 602 4392; x_wconf 84' lang='lat'>1153</span> <span class='ocrx_word' id='word_1_263' title='bbox 626 4334 712 4390; x_wconf 88' lang='lat' dir='ltr'><em>tuom</em></span> <span class='ocrx_word' id='word_1_264' title='bbox 737 4330 768 4390; x_wconf 90' lang='lat' dir='ltr'><em>in</em></span> <span class='ocrx_word' id='word_1_265' title='bbox 798 4347 928 4392; x_wconf 87' lang='lat' dir='ltr'><em>caesura</em></span> <span class='ocrx_word' id='word_1_266' title='bbox 942 4330 1093 4393; x_wconf 82' lang='lat' dir='ltr'><em>octonarii</em></span> <span class='ocrx_word' id='word_1_267' title='bbox 1110 4334 1368 4413; x_wconf 91' lang='lat' dir='ltr'><em>monosyllabum</em></span> 
     </span>
     <span class='ocr_line' id='line_1_34' title="bbox 251 4447 486 4516; baseline -0.03 -15"><span class='ocrx_word' id='word_1_268' title='bbox 251 4457 320 4502; x_wconf 87' lang='lat' dir='ltr'><em>csse</em></span> <span class='ocrx_word' id='word_1_269' title='bbox 343 4447 486 4516; x_wconf 85' lang='lat' dir='ltr'><em>oportet:</em></span> 
     </span>
    </p>
   </div>
   <div class='ocr_carea' id='block_1_8' title="bbox 353 4550 1367 4746">
    <p class='ocr_par' dir='ltr' id='par_1_12' title="bbox 353 4550 1367 4746">
     <span class='ocr_line' id='line_1_35' title="bbox 353 4550 1367 4639; baseline 0 -17"><span class='ocrx_word' id='word_1_270' title='bbox 353 4559 460 4622; x_wconf 86' lang='lat' dir='ltr'><em>Facito</em></span> <span class='ocrx_word' id='word_1_271' title='bbox 485 4560 519 4618; x_wconf 87' lang='lat' dir='ltr'><em>tlt</em></span> <span class='ocrx_word' id='word_1_272' title='bbox 544 4556 652 4618; x_wconf 84' lang='lat' dir='ltr'><em>iacias.</em></span> <span class='ocrx_word' id='word_1_273' title='bbox 678 4557 805 4618; x_wconf 78' lang='lat' dir='ltr'><em>&#39;iaceas</em></span> <span class='ocrx_word' id='word_1_274' title='bbox 828 4559 876 4618; x_wconf 91' lang='lat' dir='ltr'><em>Tu</em></span> <span class='ocrx_word' id='word_1_275' title='bbox 891 4567 979 4620; x_wconf 92' lang='lat' dir='ltr'><em>tuom</em></span> <span class='ocrx_word' id='word_1_276' title='bbox 996 4557 1088 4621; x_wconf 88' lang='lat' dir='ltr'><em>iacito</em></span> <span class='ocrx_word' id='word_1_277' title='bbox 1107 4559 1184 4639; x_wconf 76' lang='lat' dir='ltr'><em>:ego</em></span> <span class='ocrx_word' id='word_1_278' title='bbox 1200 4561 1284 4638; x_wconf 87' lang='lat' dir='ltr'><em>quod</em></span> <span class='ocrx_word' id='word_1_279' title='bbox 1299 4550 1367 4624; x_wconf 77' lang='lat' dir='ltr'><em>uiri</em></span> 
     </span>
     <span class='ocr_line' id='line_1_36' title="bbox 1113 4665 1367 4746; baseline 0.012 -18"><span class='ocrx_word' id='word_1_280' title='bbox 1113 4665 1212 4746; x_wconf 77' lang='lat' dir='ltr'><em>[haud</em></span> <span class='ocrx_word' id='word_1_281' title='bbox 1227 4670 1367 4731; x_wconf 78' lang='lat' dir='ltr'><em>mutabo</em></span> 
     </span>
    </p>
   </div>
   <div class='ocr_carea' id='block_1_9' title="bbox 251 4797 1369 4882">
    <p class='ocr_par' dir='ltr' id='par_1_13' title="bbox 251 4797 1369 4882">
     <span class='ocr_line' id='line_1_37' title="bbox 251 4797 1369 4882; baseline -0.002 -16"><span class='ocrx_word' id='word_1_282' title='bbox 251 4847 254 4857; x_wconf 24' lang='grc' dir='ltr'><strong>Α</strong></span> <span class='ocrx_word' id='word_1_283' title='bbox 294 4807 381 4878; x_wconf 84' lang='lat' dir='ltr'><em>Haec</em></span> <span class='ocrx_word' id='word_1_284' title='bbox 400 4801 489 4864; x_wconf 81' lang='lat' dir='ltr'><em>tibris</em></span> <span class='ocrx_word' id='word_1_285' title='bbox 517 4797 633 4861; x_wconf 88' lang='lat' dir='ltr'><em>tradita</em></span> <span class='ocrx_word' id='word_1_286' title='bbox 659 4800 751 4860; x_wconf 88' lang='lat' dir='ltr'><em>verba</em></span> <span class='ocrx_word' id='word_1_287' title='bbox 768 4799 901 4861; x_wconf 90' lang='lat' dir='ltr'><em>Vossius</em></span> <span class='ocrx_word' id='word_1_288' title='bbox 917 4809 947 4861; x_wconf 90' lang='lat' dir='ltr'><em>et</em></span> <span class='ocrx_word' id='word_1_289' title='bbox 962 4801 1110 4874; x_wconf 89' lang='lat' dir='ltr'><em>Goetzius</em></span> <span class='ocrx_word' id='word_1_290' title='bbox 1128 4813 1158 4864; x_wconf 88' lang='lat' dir='ltr'><em>et</em></span> <span class='ocrx_word' id='word_1_291' title='bbox 1179 4803 1369 4882; x_wconf 81' lang='lat' dir='ltr'><em>Spengelius</em></span> 
     </span>
    </p>
   </div>
   <div class='ocr_carea' id='block_1_10' title="bbox 0 0 1781 5624">
    <p class='ocr_par' dir='ltr' id='par_1_14' title="bbox 0 0 1781 5624">
     <span class='ocr_line' id='line_1_38' title="bbox 0 0 1781 5624; baseline 0 0"><span class='ocrx_word' id='word_1_292' title='bbox 0 0 1781 5624; x_wconf 95' lang='lat' dir='ltr'><em> </em></span> 
     </span>
    </p>
   </div>
  </div>
 </body>
</html>
