3450 5630
632 695 671 737 nn
696 693 737 737 nn
759 696 900 737 nrnrnrcn
1261 679 1320 739 253
1372 741 1375 746 Δ

203 893 205 898 .
245 837 323 899 Cist.
341 840 399 898 217
421 839 457 904 tri
464 838 556 918 podia
573 838 755 899 catalectiea
771 839 920 901 dimetros
940 823 1001 902 tres
1014 841 1154 918 sequitur
1168 851 1198 901 et
1218 859 1321 919 paroe-

204 943 401 1004 miacostres
416 942 581 1003 antecedit.

325 1123 356 1190 4¹,
373 1127 526 1210 Tripodiu
547 1129 735 1190 catalectico
759 1150 830 1190 cum
843 1129 1047 1210 paroemiaco
1062 1129 1215 1210 jungitur

241 1286 440 1364 Videsupra,
454 1283 571 1365 p.>246.

325 1467 354 1525 5.
375 1463 531 1542 Tripodia
547 1463 735 1524 catalectico
751 1480 822 1524 cum
837 1483 879 1524 aa
895 1461 1041 1524 trimetro
1051 1462 1204 1542 juapitur

247 1634 364 1694 Bacch.
383 1631 441 1692 651
455 1651 507 1694 an.
521 1631 697 1694 trimetrum
708 1639 738 1692 et
752 1652 782 1692 v.
796 1632 1324 1710 65111.1111011111111111011111

207 1745 375 1807 discribere
400 1747 501 1806 decet.
528 1744 612 1804 Nam
630 1742 656 1802 si
674 1744 768 1804 verba
790 1742 993 1820 multipotens
1017 1748 1137 1822 perlue,
1155 1760 1237 1820 quae
1252 1740 1326 1803 libri

208 1855 311 1918 versui
339 1856 399 1916 653
436 1854 685 1938 applicaverunt,
723 1851 893 1933 Spengelio
928 1841 958 1912 et
982 1850 1109 1914 Goetzio
1133 1848 1267 1910 ducibus
1292 1849 1324 1910 in

210 1987 241 2025 v.
263 1965 319 2024 651
349 1961 512 2036 asciveris,
538 1981 589 2023 an.
611 1961 806 2022 octonarium
838 1959 981 2040 legitima
998 1977 1140 2020 ‘caesura
1167 1967 1325 2019 carentem

210 2071 348 2132 habebis.

301 2222 334 2293 6.
363 2229 516 2310 Tripodia
533 2227 720 2289 catalectico
736 2247 807 2286 cum
818 2246 871 2286 an.
889 2223 1065 2286 octonariis
1083 2196 1236 2302 junpitur

251 2388 345 2448 Poen.
360 2385 439 2446 1189
451 2377 1326 2463 atripodiamcatalecticamseparointeran.octonarios

209 2489 370 2550 insertam.
397 2490 443 2547 lta
467 2486 493 2546 si
519 2484 710 2553 discribitur,
740 2485 833 2546 verba
852 2483 941 2543 libris
967 2481 1081 2543 tradita
1102 2500 1170 2557 nec,
1188 2483 1272 2561 quod
1287 2483 1328 2542 ad

209 2595 398 2656 sententiam
414 2597 463 2654 vel
479 2593 519 2653 ad
532 2592 772 2672 grammaticam
789 2589 943 2652 rationem
958 2587 1078 2659 attinet,
1096 2598 1327 2668 suspectaser-

208 2699 276 2760 vari
303 2707 444 2777 possunt.
467 2695 527 2758 Hic
561 2695 736 2757 versiculus
757 2697 851 2775 paulo
871 2705 944 2755 ante
968 2695 1037 2771 ejus
1067 2693 1181 2755 cantici
1206 2693 1327 2754 exitum

208 2809 378 2867 collocatus
403 2804 579 2884 proximam
600 2799 695 2864 finem
732 2801 953 2881 praenuntiare
976 2801 1123 2862 videtur:
1143 2819 1218 2864 nam
1247 2799 1328 2861 illud

209 2905 368 2966 canticum
383 2902 526 2984 tripodiis
542 2901 732 2964 catalecticis
743 2903 866 2962 duabus
880 2899 1075 2961 terminatur.

367 3069 396 3128 7.
421 3066 575 3146 Tripodio
591 3066 778 3126 catalectico
791 3041 862 3125 curn
877 3065 1024 3126 iambicis
1031 3065 1186 3144 juppiter

252 3237 297 3295 De
308 3252 399 3294 versu
415 3233 470 3311 qui
490 3232 605 3292 dicitur
620 3232 778 3292 reicianus
795 3232 964 3310 separatim
979 3231 1061 3292 inira
1073 3233 1207 3296 dicetur.

253 3333 368 3392 Pseud.
387 3334 442 3391 141
460 3349 522 3391 non
539 3329 673 3390 dubium
685 3342 732 3390 est
747 3331 825 3408 quin
840 3349 893 3390 an.
907 3330 1045 3408 tripodia
1059 3331 1329 3393 catalecticaiam-

211 3435 316 3496 bicum
340 3433 536 3494 octonarium
551 3444 711 3510 sequatur,
736 3453 919 3511 quanquam
935 3434 1108 3512 ambigitur
1129 3437 1330 3496 1111111111]-

211 3532 348 3593 brosiani
364 3532 455 3593 lectio
469 3552 564 3612 prtem
580 3531 638 3590 lios
657 3531 744 3591 domi
767 3532 910 3613 linquere
930 3549 969 3592 an
992 3533 1210 3594 Palatinarum
1231 3533 1330 3612 potior

211 3639 251 3702 sit.
261 3640 404 3721 linquere
417 3660 511 3722 prtum
528 3639 585 3699 hos·
602 3639 698 3699 0101111.
717 3639 807 3700 Nihil
820 3643 860 3700 ad
877 3650 1012 3702 metrum
1028 3640 1166 3703 interest.

253 3748 486 3810 0119110901
505 3767 556 3810 an.
575 3747 710 3827 tripodia
730 3749 912 3810 catalectica
936 3749 1089 3810 iambicas
1106 3750 1250 3830 dipodias
1265 3758 1329 3811 tres

213 3853 354 3932 sequitur
377 3871 476 3930 eaque
501 3854 644 3912 clausula
669 3851 806 3913 iambica
829 3853 975 3931 periodus
988 3853 1173 3917 terminatur
1193 3873 1250 3915 nec
1266 3851 1332 3914 ulla

213 3962 403 4022 correctione
418 3979 498 4040 opus
516 3971 572 4021 est.

254 4065 407 4129 Similiter
428 4068 502 4126 Cas.
532 4067 591 4127 903
615 4068 633 4126 b
655 4085 706 4126 an.
737 4067 874 4146 tripodia
890 4067 1070 4130 catalectica
1091 4067 1264 4128 iambicum
1284 4067 1332 4127 di-

213 4185 348 4236 metrum
377 4173 595 4235 catalecticum
622 4175 708 4250 sequi
735 4174 868 4249 videtur,
900 4177 994 4235 modo
1009 4174 1041 4235 in
1069 4173 1159 4236 initio
1181 4195 1212 4237 v.
1238 4173 1332 4236 9031

186 4329 189 4336 2
213 4277 394 4336 Camerario
410 4285 439 4334 et
459 4275 618 4336 Schoellio
634 4277 768 4338 ducibus
789 4283 895 4342 <at>
913 4278 1056 4339 addatur.
1072 4279 1141 4339 Nec
1153 4277 1332 4358 quidquam
1360 4340 1363 4345 .

213 4375 352 4454 amplius
374 4375 528 4434 sententia
543 4375 711 4437 desiderat.

326 4589 329 4596 ,
373 4527 402 4588 8.
426 4527 455 4588 T
454 4525 581 4605 ripoctia
597 4527 785 4588 catalectico
802 4549 872 4588 curn
889 4529 1234 4611 buccbt'aeisjunpitur

250 4687 456 4764 Ampbn653
489 4704 541 4748 an.
567 4688 737 4766 tripodiam
763 4689 833 4766 jure
870 4689 1098 4768 discripserunt
1126 4693 1328 4770 Spengelius,

217 4795 536 4870 Goetzius-Loewius‚
557 4795 711 4858 Klotzius
726 4799 811 4860 Nam
826 4815 927 4876 neque
943 4797 1148 4860 bacchiacum
1164 4800 1334 4862 dimetrum
