3446 5626
682 701 723 743 na
745 701 901 745 raosoma
1308 686 1348 747 85

267 845 300 902 4.
330 843 367 902 ln
388 840 583 920 anapaestis,
607 842 717 904 breves
737 843 974 920 monosyllabae
998 843 1148 905 litteram
1163 843 1346 908 terminatae

229 967 322 1028 saepe
337 967 398 1011 non
422 949 595 1023 eliduntur,
613 969 671 1012 nec
686 953 791 1012 solum
811 948 845 1011 in
864 948 940 1020 arsi,
958 960 992 1012 ut
1016 949 1048 1011 in
1065 951 1176 1014 ceteris
1191 951 1346 1023 versibus,

229 1065 390 1130 sedetiam
413 1067 447 1128 in
466 1067 564 1128 thesi:

272 1193 308 1253 ln
323 1190 404 1253 thesi
422 1193 543 1271 prima:
554 1193 626 1269 jdm
642 1192 695 1253 ubl
711 1194 796 1255 Rud.
812 1193 872 1256 930
887 1192 985 1272 (oct).

272 1299 308 1356 In
322 1295 401 1358 thesi
418 1297 559 1358 secunda
573 1319 579 1358 :
597 1301 667 1357 eiam
683 1297 771 1357 ordio
790 1297 874 1358 Rud.
891 1298 950 1362 937
965 1315 983 1357 a
999 1296 1116 1377 (dim).

271 1403 307 1462 ln
323 1399 403 1462 thesi
420 1413 526 1470 sexta:
542 1401 633 1482 pedm
648 1419 706 1480 epo
722 1400 773 1460 dle
792 1400 866 1462 Mil.
889 1401 965 1464 1012
983 1399 1099 1481 (sept).

271 1512 411 1574 Fortuito
428 1507 462 1572 iit
478 1520 511 1573 ut
527 1510 559 1572 in
574 1511 636 1572 arsi
652 1513 798 1592 exempla
811 1511 924 1573 desint.

270 1641 302 1700 5.
320 1637 408 1700 ltem
432 1637 607 1716 disyllabae
631 1655 722 1698 voces
746 1655 880 1716 quarum
910 1637 994 1718 prior
1022 1639 1146 1717 syllaba
1170 1637 1273 1700 brevis
1301 1648 1348 1700 est

230 1759 261 1807 et
275 1747 371 1806 altera
386 1744 418 1804 in
435 1765 464 1804 m
480 1744 545 1806 exit
556 1754 627 1804 ante
648 1743 772 1804 vocales
792 1742 976 1806 immutatae
1000 1762 1229 1823 nonnunquam
1245 1765 1300 1807 seu
1314 1745 1348 1807 in

230 1845 293 1908 arsi
308 1865 363 1908 seu
379 1845 412 1906 iu
426 1846 506 1908 thesi
525 1857 702 1909 servantur.
720 1847 835 1908 Confer
853 1846 956 1919 Klotz,
973 1845 1130 1918 Grande,
1149 1867 1179 1928 p.
1198 1849 1267 1916 121,
1280 1866 1345 1926 seq.

232 1952 317 2012 Nam
332 1950 413 2014 sicut
428 1951 512 2038 apud
528 1949 670 2012 Ennium
686 1947 799 2028 legitur
814 1949 917 2018 Ana,
935 1949 1002 2022 486,
1021 1949 1096 2012 dum
1111 1950 1239 2032 quidem
1255 1972 1346 2026 anus,

231 2062 274 2124 ita
297 2062 329 2123 in
358 2063 516 2124 Plautinis
541 2061 719 2141 anapaestis
751 2079 846 2140 supra
872 2059 1012 2123 collectis
1038 2063 1115 2123 haec
1141 2059 1348 2126 inveniuntur

230 2174 392 2250 exempla:

246 2285 372 2347 ¹Stich.
390 2283 459 2346 329.

351 2403 435 2466 Nam
448 2402 498 2464 md
508 2400 636 2480 quidem
647 2403 761 2464 harum
770 2399 946 2464 miserebat.
958 2403 1040 2482 Ergo
1050 2402 1208 2466 adsiliunt
1219 2409 1348 2485 propere

1191 2506 1345 2588 [latumst.

271 2611 472 2676 Ambrosiani
508 2613 598 2674 lectio
622 2611 681 2686 (me
707 2609 843 2691 quidem)
879 2611 1100 2674 Palatincrum
1129 2613 1262 2676 lectione
1288 2610 1349 2688 (mc

232 2720 388 2805 equidem)
412 2721 511 2799 potior
534 2729 629 2780 estet
652 2737 672 2779 a
695 2717 1002 2780 Goetaio-Schoellio
1022 2726 1146 2796 recepta
1168 2725 1225 2779 est.
1251 2717 1348 2794 Atqui

232 2827 333 2892 metiri
350 2847 414 2890 non
430 2827 531 2906 possis
546 2825 673 2908 qrddem
689 2826 816 2899 ladrum,
834 2824 909 2904 quia
924 2825 1046 2905 syllaba
1071 2833 1183 2886 natura
1206 2827 1300 2903 longa
1315 2824 1349 2886 in

231 2931 322 2993 initio
338 2930 553 3012 polysyllabae
574 2927 618 2988 ita
636 2927 750 3005 corripi
767 2945 830 2988 non
846 2937 955 3006 potest.
974 2929 1041 2988 Nec
1056 2926 1210 3008 correptio
1228 2944 1281 3006 per
1294 2945 1348 2988 en·

233 3045 340 3110 olisim
354 3041 556 3128 (mequideml
571 3027 764 3102 admittenda
778 3039 912 3102 videtur.
931 3039 1047 3102 Gonier
1061 3055 1168 3118 supra,
1184 3035 1202 3118 ἓ
1217 3041 1246 3101 2.
1265 3041 1349 3118 Ergo

232 3157 426 3221 metiendum
440 3167 487 3218 est
501 3166 549 3215 me
564 3153 702 3237 quidem.

271 3277 347 3338 Mil.
366 3275 455 3338 1040.

352 3394 417 3456 Sed
435 3390 520 3454 eram
541 3411 645 3454 meam
669 3411 749 3472 quae
773 3401 802 3453 te
824 3391 1007 3454 demoritur.
1027 3392 1148 3454 Multae
1163 3389 1244 3455 dliae
1262 3391 1348 3454 idem

1091 3497 1185 3580 [istuc
1203 3499 1346 3579 eripiunt.

273 3625 328 3690 Sic
342 3624 414 3686 libri
433 3624 549 3686 habeut
574 3639 631 3682 neo
658 3618 1004 3682 Goetzius-Sehoellius
1026 3619 1248 3699 corrigendum
1270 3637 1348 3708 ceu-

233 3741 375 3793 suerunt.

326 3839 463 3899 adata.

295 3841 322 3901 R
353 3941 426 4001 Non
442 3938 528 4000 enim
544 3938 636 3998 illum
649 3933 828 4015 exspectare
842 3945 972 4018 oportet,
986 3937 1064 3997 dum
1079 3955 1150 3997 erus
1164 3955 1196 3997 se
1207 3933 1245 3998 td
1259 3955 1349 3997 suom

1043 4054 1182 4133 [suscitet
1196 4055 1346 4119 dfficium.

274 4173 369 4232 Hunc
385 4187 510 4231 versum
527 4185 614 4241 sane,
643 4165 725 4228 siout
752 4167 998 4240 antecedentem,
1018 4164 1258 4244 anapaesticum
1281 4183 1349 4228 esse

231 4278 425 4340 octonarium
436 4276 549 4362 cretico
560 4274 688 4336 suscitet
701 4292 756 4352 pro
769 4273 905 4351 spondeo
914 4273 1015 4352 posito
1026 4274 1270 4335 demonstratur.
1282 4273 1349 4334 Nec

232 4399 359 4443 necesse
373 4390 420 4442 est
437 4381 516 4441 duce
539 4376 707 4456 Spengelio
723 4375 899 4454 (Reform,
918 4395 947 4456 p.
966 4377 1034 4454 174,
1052 4375 1084 4436 in
1101 4374 1219 4453 adnot.)
1234 4375 1350 4446 <id>
1424 4428 1427 4434 ,

232 4503 304 4556 ante
329 4493 452 4570 oportet
476 4489 600 4549 addere.
624 4485 708 4546 Nam
730 4482 870 4544 metiaris
898 4483 970 4546 lieet
998 4488 1122 4564 cpdrtet
1139 4483 1222 4560 (vide
1242 4502 1347 4563 supra,

234 4598 508 4676 §LCietenlm
606 4589 609 4596 ’

272 4713 303 4774 6.
323 4710 482 4774 lambicae
502 4723 626 4787 quoque
649 4723 740 4766 voces
758 4714 882 4784 propter
907 4705 1033 4764 brevem
1059 4703 1253 4765 breviantem
1282 4723 1349 4764 cor-

234 4829 348 4898 reptae,
374 4827 408 4877 ut
432 4821 504 4875 ante
525 4819 745 4882 consonantes,
771 4808 813 4870 ita
837 4817 908 4870 ante
922 4810 1057 4879 vocales,
1081 4826 1136 4888 pro
1158 4807 1351 4888 pyrrhichiis
