3446 5626
643 675 684 718 nn
707 676 748 720 aa
771 673 911 718 rumaren
1279 655 1338 716 133

215 827 292 899 sint,
320 809 424 909 potius
448 820 669 904 anapaesticae
686 817 932 902 tripodiaasnnt
957 839 1054 902 qnam
1069 816 1197 882 iambici
1209 816 1336 882 dimetri
1365 909 1368 916 Δ

216 933 398 998 catalectici.
410 932 496 994 Nam
506 927 726 1009 anapaesticae
738 925 890 1006 tripediae
904 945 979 988 cum
988 924 1134 1006 tripodiis
1144 923 1337 988 catalecticis

217 1039 373 1102 concinne
402 1037 572 1099 alternant.
595 1031 776 1094 Versiculos
801 1047 874 1092 vero
902 1047 957 1092 sex
977 1028 1208 1090 Ambrosianus
1232 1025 1334 1102 binos,

216 1158 307 1210 vetus
322 1155 428 1208 antem
443 1145 552 1208 Codex
566 1153 671 1206 ternos
687 1139 854 1204 contraxit.

259 1260 338 1320 ltcm
352 1257 469 1318 Pseud.
488 1255 566 1317 1253
578 1253 724 1316 5-12541)
745 1260 891 1330 quattuor
915 1248 1088 1310 versiculos
1105 1245 1336 1311 Ambrosianus

216 1369 246 1425 et
271 1359 492 1424 vetusCodex
516 1355 862 1436 binosjcontraxernnt,
886 1372 1023 1434 quornm
1038 1352 1161 1434 primus
1177 1371 1334 1435 anapaes-

215 1471 298 1532 ticus
326 1467 459 1530 dimeter
488 1475 546 1538 est,
580 1463 674 1526 ceteri
699 1472 804 1526 autem
828 1460 1050 1542 anapaesticae
1072 1460 1227 1542 tripodiae
1254 1481 1335 1540 quas

215 1575 417 1656 anapaestica
436 1573 571 1654 tripodia
585 1571 766 1634 catalectico
793 1571 947 1650 seqnitur.
971 1569 1025 1632 Sic
1040 1570 1128 1632 enim
1154 1567 1244 1633 libris
1269 1577 1336 1632 tra-

215 1688 280 1750 dita
304 1689 401 1750 verba
416 1683 572 1766 corrigere
586 1701 650 1748 non
667 1701 795 1746 necesse
812 1691 860 1746 est
883 1699 973 1762 quae,
991 1680 1077 1761 quod
1093 1681 1133 1744 ad
1149 1681 1335 1744 sententiam

215 1790 335 1863 attinet,
352 1788 485 1851 minime
500 1795 646 1868 suspecta
659 1795 742 1847 sunt.

498 1988 514 2069 ἓ
533 1991 562 2050 8.
581 2023 619 2032 —-
631 1989 681 2050 De
696 1985 913 2067 tripudiorum
927 1988 1043 2059 formis

253 2172 290 2232 ln
318 2167 472 2248 exemplis
494 2165 599 2230 allatis
622 2166 759 2246 tripodia
781 2168 874 2229 modo
899 2186 917 2229 e
944 2167 1068 2230 duobus
1095 2167 1276 2250 anapaestis
1305 2181 1336 2234 et

217 2277 356 2356 spondeo
377 2285 499 2338 constat
519 2275 651 2351 (Pseud.
671 2278 749 2338 1254
762 2273 803 2353 a),
821 2275 913 2337 modo
928 2294 967 2337 ex
980 2284 1151 2355 anapaesto
1166 2286 1196 2339 et
1211 2279 1335 2341 duobus

217 2378 366 2464 spondeis
377 2379 594 2458 (Pseudl254
607 2377 649 2456 b),
659 2380 752 2442 modo
768 2380 895 2442 atribus
911 2381 1061 2462 spondeis
1074 2381 1161 2460 (Cas.
1180 2381 1334 2460 161,162t

216 2489 310 2550 modo
326 2489 481 2567 edaotylo
494 2497 524 2549 et
533 2488 656 2551 duobus
671 2488 818 2570 spondeis
831 2483 963 2566 (Pseud.
976 2492 1055 2554 1253
1068 2489 1112 2569 b).
1124 2492 1235 2556 Ultimi
1246 2493 1334 2575 pedis

215 2593 297 2658 arsis
310 2612 476 2672 uunquam
492 2594 633 2656 solvitur.

371 2781 432 2862 §a
457 2817 495 2827 -
520 2784 572 2846 Dc
593 2784 809 2867 tripodiarum
825 2785 1087 2850 catalecticarum
1107 2809 1166 2852 usu

256 2953 425 3038 Tripodiae
437 2959 635 3021 catalectioae
656 2955 749 3022 modo
764 2978 838 3021 cum
858 2959 931 3023 aliis
952 2961 1161 3042 anapaesticis
1177 2963 1333 3035 versibus,

216 3067 310 3127 modo
325 3082 399 3126 cum
416 3063 488 3126 aliis
503 3065 611 3127 metris
626 3065 815 3146 junguntur.

256 3172 287 3232 1.
305 3171 388 3231 Cum
407 3167 627 3250 anapaesticis
639 3166 777 3250 dipodiis
792 3169 968 3248 junguntur
983 3169 1057 3231 Cas.
1076 3170 1145 3240 180,
1160 3171 1233 3234 181.
1253 3171 1335 3252 Vide

150 3262 153 3270 '
217 3277 400 3358 55555.
416 3281 534 3341 confer
552 3276 636 3339 infra
650 3279 680 3346 3,
707 3279 792 3338 uer.
811 3279 870 3339 352
884 3296 913 3352 a,
929 3278 958 3339 5.
1260 3281 1262 3288 ·

257 3395 286 3453 2.
305 3389 385 3453 Cum
408 3389 616 3471 anapaesticis
639 3388 782 3468 tripodiis
804 3389 981 3468 junguntur
999 3390 1075 3452 Cea.
1097 3389 1155 3452 164
1170 3411 1200 3464 a,
1217 3391 1334 3459 15753-
1377 3428 1380 3436 ·

215 3495 276 3557 755
289 3497 321 3563 b,
337 3495 397 3556 756
412 3495 519 3563 b-758,
542 3493 691 3556 951-953.

259 3604 336 3664 Cea.
355 3601 412 3664 164
423 3621 453 3676 a,
470 3603 489 3662 b
504 3599 721 3681 anapaesticae
742 3601 897 3682 tripediae
911 3601 1111 3663 catalectioae
1125 3601 1207 3663 duae
1222 3601 1334 3666 discri-

216 3711 336 3773 beudac
356 3710 520 3786 videntur;
535 3711 622 3793 'nam'
639 3709 753 3773 tradita
773 3713 878 3785 verba,
905 3731 968 3771 non
986 3712 1040 3791 pol
1059 3731 1117 3793 per
1137 3717 1259 3794 tempus
1273 3714 1335 3776 iter

218 3817 280 3878 huc
296 3815 375 3876 midi
390 3815 502 3896 incepi,
516 3835 597 3895 quae
611 3825 641 3879 et
664 3818 843 3879 Schoellius
858 3827 888 3879 et
903 3795 1256 3882 Goetzius-Schoellius
1273 3839 1333 3882 ser-

217 3924 323 3987 vanda
338 3932 539 3991 censuerunt,
556 3925 595 3985 ad
611 3923 700 3985 aliud
715 3934 848 3987 metrum
861 3925 1094 3988 accommodari
1109 3945 1170 3988 non
1190 3938 1331 4006 possunt.

219 4037 388 4114 Perperam
403 4031 490 4094 enim
510 4032 689 4095 Schoellius
705 4031 857 4094 creticum
880 4041 1098 4094 tetrametrum
1113 4033 1332 4096 catalecticum

216 4162 286 4210 esse
300 4143 410 4216 voluit,
428 4142 495 4220 qui,
512 4160 585 4204 oum
602 4141 732 4203 secundi
747 4139 854 4202 cretici
869 4143 967 4202 altera
980 4140 1076 4218 longa
1090 4141 1260 4204 incaesura
1275 4143 1334 4204 sol-

217 4263 320 4326 vatur,
340 4249 434 4334 plane
459 4251 592 4312 vitiosus
614 4259 670 4311 est.
699 4251 767 4310 Nec
790 4247 959 4328 Spengelio
981 4248 1072 4316 duce,
1096 4249 1333 4328 anapaesticnm

214 4357 386 4418 dimetrum
407 4351 569 4416 restituere
593 4354 694 4424 deoct;
721 4369 796 4412 nam
816 4351 927 4414 hocin
948 4353 1015 4413 1555
1037 4353 1256 4431 anapaesticae
1280 4353 1333 4415 tri-

216 4465 327 4546 podiae
341 4461 539 4526 catalectioae
554 4479 628 4524 cum
644 4461 851 4541 anapaesticis
868 4461 1010 4540 tripodiis
1030 4464 1197 4525 alternant.
1218 4465 1334 4526 Conier

215 4585 323 4647 supra,
348 4563 409 4645 57.

256 4676 330 4736 Cas.
343 4673 528 4744 7537551),
547 4674 573 4733 A
589 4671 669 4733 duce
686 4668 827 4750 quinque
847 4670 1067 4750 anapaesticas
1082 4667 1234 4752 tripodias
1250 4683 1332 4736 cata-

214 4783 343 4845 lecticas
380 4778 596 4853 discribimus,
638 4795 716 4856 5555
763 4775 919 4840 antecedit
955 4777 1155 4857 anapaestico
1181 4779 1329 4864 tripodia,
