3446 5626
432 679 470 744 84
765 708 805 751 na
826 710 993 754 1111111111
1014 713 1214 758 1111111111
1243 767 1248 776 .

351 897 352 906 ,
430 845 565 904 alterurn
582 847 687 906 locum
703 847 736 908 in
752 849 816 908 arsi
832 850 880 910 vel
897 849 930 910 in
952 849 1031 911 thesi
1048 849 1176 920 obtinet,
1194 869 1259 912 non
1275 849 1409 929 priorem
1424 861 1459 912 ut
1479 869 1543 912 mo·

429 949 612 1031 nospllabae
623 951 656 1012 in
672 953 760 1016 hiatu
773 965 943 1034 correptae.

471 1059 745 1138 Polysyllabarum
760 1076 867 1126 autem
884 1061 1012 1126 finalem
1032 1061 1157 1142 'propter
1173 1065 1295 1127 hiatum
1312 1055 1542 1144 nonnunquam

428 1159 460 1221 in
478 1161 656 1242 anapaestis
668 1165 782 1246 corripi
802 1167 945 1228 Klotzius
957 1187 1030 1229 cum
1041 1171 1241 1230 contenderet
1255 1171 1377 1245 (11.1),
1396 1168 1543 1250 pauciora

427 1278 457 1329 et
470 1267 640 1332 incertiora
651 1276 797 1351 exempla
810 1274 919 1336 attulit·
930 1295 1029 1354 quam
1043 1285 1078 1336 ut
1094 1273 1189 1336 fidem
1207 1279 1333 1338 laceret.
1345 1277 1438 1338 Nam
1455 1279 1539 1338 Pers.

426 1375 485 1436 498
501 1375 616 1456 (sept),
642 1373 871 1442 Ambrosianus
894 1401 957 1444 non
979 1383 1096 1443 Persia
1112 1383 1252 1458 adlatae,
1269 1384 1323 1445 sed
1338 1385 1456 1445 Persic
1471 1391 1542 1444 sant

427 1483 525 1544 istaec
540 1487 658 1546 allatae
674 1489 777 1550 habet.
805 1491 850 1551 De
875 1491 971 1552 Curc.
997 1492 1067 1561 137,
1085 1492 1155 1552 vide
1178 1493 1260 1554 infra
1281 1491 1314 1553 in
1328 1493 1420 1554 tertia
1440 1493 1541 1574 operis

391 1661 393 1666 ,
426 1604 525 1672 parte.

596 1801 606 1815 ’·
626 1795 668 1856 ll.
692 1793 827 1874 Syllaba
843 1795 875 1856 in
895 1796 985 1858 biatu
1000 1774 1169 1860 immutata
1184 1804 1340 1860 serualur.

462 2014 495 2072 1.
524 2013 569 2072 De
584 2011 673 2073 hiatu
690 2012 743 2092 qui
766 2011 801 2073 in
826 2031 959 2076 caesura
981 2013 1178 2086 admittibur,
1201 2012 1286 2075 inira
1303 2012 1336 2073 11
1352 2014 1432 2076 libro
1454 2013 1542 2075 tertio

423 2116 558 2178 dicetur.
823 2097 826 2103 ⁵
985 2181 988 2187 ,
1173 2109 1175 2118 ’

462 2227 494 2286 2.
524 2228 606 2288 Sunt
629 2226 684 2306 qui
710 2237 819 2308 putent
842 2227 874 2288 in
903 2245 1055 2308 personae
1079 2227 1306 2288 mutationibus
1334 2227 1458 2288 hiatum
1473 2225 1541 2288 1111

409 2335 614 2429 correptione
630 2355 858 2416 nonnunquam
881 2332 1000 2398 lactum
1016 2355 1096 2398 1111.
1113 2337 1204 2398 Gonl.
1224 2339 1373 2415 Spengel,
1387 2335 1537 2409 Plautus,

403 2430 453 2525 p.
467 2445 537 2514 628,
558 2447 660 2512 Klotz,
691 2445 847 2515 Grande,
866 2465 895 2525 p.
915 2447 983 2508 177.
1003 2448 1111 2519 Unum
1127 2445 1198 2506 talis
1222 2444 1328 2506 hiatus
1343 2443 1536 2523 exemplum,

421 2552 447 2614 si
474 2552 562 2613 libris
586 2555 772 2624 crederetur,
795 2555 830 2616 in
851 2553 1029 2634 anapaestis
1049 2571 1145 2632 supra
1169 2551 1309 2614 collectis
1331 2550 1536 2622 inveniretur,

420 2679 533 2741 nempe
549 2661 667 2721 Bacch.
687 2659 767 2722 1106
786 2658 883 2735 loct),
902 2661 956 2721 ubi
972 2657 1044 2729 libri
1061 2657 1106 2719 sic
1123 2659 1255 2736 habent:

541 2767 727 2840 Philoxene,
745 2770 842 2828 salve.
868 2801 897 2810 —
914 2769 954 2828 Et
970 2778 1001 2828 tu
1018 2767 1101 2829 unde
1114 2765 1182 2844 agis
1196 2768 1207 2820 l
1223 2763 1427 2826 Unde'homo
1442 2763 1537 2824 miser

1190 2841 1296 2924 [atque
1310 2844 1534 2905 infortunatus.

461 2953 523 3014 Sed
536 2973 609 3015 cum
625 2974 688 3016 non
705 2953 795 3032 plura
819 2951 1022 3012 inveniantur
1037 2952 1192 3028 exempla,
1210 2947 1310 3010 satius
1324 2965 1393 3008 esse
1412 2946 1537 3024 videtur

420 3055 590 3135 Spengelio
605 3057 684 3116 duce
698 3059 799 3124 <ο>
812 3064 884 3114 1111
899 3051 1079 3113 l'biloeene
1090 3051 1213 3112 addere.
1501 3045 1506 3058 ‘

458 3161 491 3220 3.
520 3160 760 3238 Monosyllabae
788 3156 1019 3236 interjectiones
1041 3157 1134 3216 modo
1161 3155 1390 3236 synaloepham
1404 3154 1535 3235 patiun-

415 3272 478 3337 tur,
495 3265 588 3324 modo
603 3281 665 3324 non
677 3263 850 3323 eliduntur.
869 3262 986 3323 Confer
1001 3261 1147 3332 Mueller,
1164 3259 1275 3321 Plaut.
1293 3259 1405 3334 Proa,
1423 3278 1454 3338 p.
1474 3258 1536 3320 720

416 3389 480 3450 seq.
498 3371 582 3433 Nam
598 3373 794 3452 synaloepha
810 3364 846 3431 fit

456 3482 529 3543 Mil.
547 3479 738 3542 1056-1057:

539 3590 609 3650 Heu
626 3588 729 3649 hercle
743 3585 869 3648 odiosas
884 3604 932 3647 res
951 3601 957 3642 :
983 3583 1127 3662 qudtiens
1152 3586 1211 3645 hoc
1234 3583 1303 3652 tibi,
1321 3583 1459 3657 verbero,
1477 3601 1535 3662 ego

1360 3658 1533 3743 [interdixi

456 3777 598 3852 itemque
615 3772 685 3834 Mil.
704 3771 803 3834 1066:

536 3888 583 3946 Eu
599 3881 719 3946 ecastor
739 3881 899 3944 hominem
925 3881 1099 3974 perjurum.
1129 3880 1172 3941 Ut
1186 3876 1271 3940 ludb.
1290 3875 1376 4036 Quitp
1390 3879 1471 4018 Ἥ
1489 3877 1536 4018 tUt

1346 3973 1348 3976 ’
1378 3977 1414 4018 11
1470 3975 1531 4018 co.

455 4072 570 4135 Hiatus
583 4079 692 4132 contra
708 4065 742 4130 fit
753 4077 824 4149 post
839 4087 875 4128 eu
891 4067 965 4128 Mil.
987 4065 1084 4128 1062:

535 4177 645 4240 Minus
672 4164 712 4235 'ab
740 4171 866 4234 nemine
894 4171 1038 4249 accipiet.
1071 4171 1119 4230 Eu
1148 4167 1279 4242 ecastdr,
1309 4167 1405 4228 nimis
1438 4166 1534 4228 vilest

1389 4243 1529 4319 tandem,

454 4371 595 4445 itemque
609 4373 677 4443 post
692 4362 720 4422 ei
735 4363 807 4422 Aul.
824 4361 978 4423 149-150:

533 4475 580 4533 lta
596 4469 627 4530 dl
642 4468 753 4530 faxint.
765 4470 844 4530 Volo
861 4478 888 4530 te
904 4468 1035 4528 uxorem
1051 4467 1181 4526 domurn
1196 4464 1321 4524 ducere.
1341 4460 1531 4621 &oppidisa

1389 4562 1421 4603 ur
1458 4554 1525 4604 lta.

451 4655 567 4718 Hiatur
581 4672 707 4733 quoque
721 4661 791 4733 post
804 4652 850 4712 lm
867 4653 963 4713 Cure.
981 4649 1059 4711 128:
1253 4647 1255 4652 '

531 4757 615 4821 Perii
632 4756 754 4818 hercle:
772 4755 846 4816 huic
861 4756 937 4832 quid
951 4745 1215 4833 primum'dicam
1230 4749 1346 4812 nescio.
1370 4751 1430 4810 Em
1444 4748 1530 4810 istuc

1224 4828 1323 4910 [quod
1338 4829 1418 4892 mihi
1434 4829 1527 4892 dixti.
