3542 5624
723 691 763 732 nn
785 689 941 734 puosoom
1342 674 1380 735 71

265 851 376 906 autres
401 837 644 920 diligentissime
672 839 835 920 explorare
855 847 886 901 et
912 838 1063 912 conferre,
1079 845 1250 918 antequam
1271 837 1380 920 inqui·

268 938 375 1014 ramus
390 949 547 1028 quomodo
561 949 783 1029 explanandae
802 947 876 1010 sint.

308 1051 453 1116 Primum
468 1070 542 1130 ergo
566 1069 675 1113 omnes
690 1053 774 1112 locos
788 1049 974 1129 colligemus
990 1048 1022 1110 in
1038 1049 1155 1130 quibus
1170 1049 1303 1114 creticus
1326 1071 1383 1134 pro

266 1177 329 1219 uno
351 1157 430 1237 pede
453 1158 503 1217 vel
518 1155 642 1238 duobus
664 1154 877 1234 semipedibus
900 1154 1035 1233 ponitur,
1060 1154 1126 1218 sive
1154 1174 1190 1217 ex
1218 1175 1281 1219 una
1308 1177 1383 1220 voco

267 1264 360 1342 (sicut
374 1261 525 1344 viraines)
545 1273 678 1334 constat,
700 1263 767 1325 sive
781 1283 819 1325 ex
835 1263 967 1338 ultimis,
985 1263 1052 1326 sive
1079 1282 1096 1325 e
1117 1264 1228 1343 primis
1245 1264 1383 1345 alicujus

267 1367 356 1430 vocis
370 1367 515 1450 syllabis,
532 1367 598 1430 sive
612 1387 629 1429 0
644 1365 802 1429 trochaica
817 1384 893 1428 voce
915 1363 975 1444 (vel
990 1366 1076 1429 vocis
1092 1364 1164 1439 fine)
1180 1377 1210 1430 et
1225 1369 1384 1450 monosyl-

266 1479 348 1552 laba,
366 1476 462 1539 sivee
477 1474 591 1538 cretica
611 1479 660 1538 vel
676 1474 829 1557 dactylica
843 1493 919 1537 voce
936 1475 998 1554 (vel
1027 1474 1113 1536 vocis
1130 1471 1202 1552 fine)
1223 1477 1315 1555 cujus
1331 1479 1382 1539 ul-

266 1567 344 1645 tima
359 1562 482 1663 syllaba
497 1571 726 1662 synaloepham
743 1579 860 1661 patitur
874 1590 904 1642 et
919 1581 1136 1658 monosyllaba
1152 1628 1159 1653 ‚
1177 1579 1244 1642 sive
1272 1600 1289 1642 e
1317 1593 1377 1642 tro-

267 1689 376 1750 chaica
399 1705 475 1748 voce
503 1686 566 1764 (vel
593 1684 679 1746 vocis
696 1681 769 1760 line)
812 1695 842 1746 et
857 1685 1075 1766 polysyllabae
1091 1683 1176 1746 vocis
1197 1683 1380 1766 principiali

265 1795 399 1875 syllaba,
415 1793 481 1855 sive
505 1812 522 1854 e
545 1789 659 1853 cretica
673 1790 724 1854 vel
739 1791 894 1870 dactylica
918 1807 994 1852 voce
1007 1787 1069 1867 (vel
1089 1787 1175 1850 vocis
1197 1769 1270 1866 line)
1287 1791 1379 1869 ouius

253 1902 379 1966 'ultima
394 1901 518 1980 syllaba
532 1901 759 1979 synaloepham
786 1899 903 1980 patitur
916 1909 945 1961 et
961 1899 1176 1979 polysyllabae
1191 1899 1278 1962 vocis
1294 1901 1381 1980 prin-

266 2003 372 2083 cipiali
397 2004 529 2084 syllaba.
548 2003 697 2064 Ceterum
712 2001 744 2063 in
760 2020 884 2081 quoque
899 2005 1117 2081 exemplorum
1132 2001 1242 2065 ordine
1266 2001 1381 2064 discer-

265 2133 377 2176 nemus
393 2112 599 2176 utramtertia
609 2109 714 2175 cretici
728 2112 850 2192 syllaba
866 2111 1020 2192 positione
1036 2131 1078 2175 an
1091 2121 1205 2174 natura
1221 2117 1314 2196 longa
1327 2114 1378 2178 sit.

304 2345 408 2407 hae
427 2343 555 2405 creticis
582 2343 708 2406 occidas
733 2363 870 2425 quaram
897 2343 1010 2405 altiaco
1032 2344 1157 2426 syllaba
1172 2345 1333 2426 positione
1392 2421 1394 2428 Α

743 2461 841 2539 longa
857 2465 913 2522 est.

305 2655 466 2736 inprime
495 2657 595 2735 pede:
625 2655 753 2716 interim
770 2655 858 2718 Pers.
883 2657 942 2718 174
973 2654 1070 2733 (oct),
1100 2657 1247 2738 Jappiter
1280 2660 1379 2722 Poen.

265 2765 341 2826 1187
364 2762 462 2841 (oct),
488 2763 640 2844 oppidum
665 2765 751 2827 Rud.
769 2763 828 2826 934
855 2784 874 2825 a
902 2761 1017 2841 (dim),
1049 2763 1227 2826 sambolara
1260 2768 1376 2830 Pseud.

264 2865 432 2946 nealcae).
800 2933 803 2943 ,

304 2978 342 3036 10
358 2977 496 3038 secundo
518 2976 614 3055 pade:
631 2975 750 3055 appetit
767 2975 846 3038 Oist.
861 2975 921 3037 216
932 2972 1050 3053 ((111οι),
1069 2976 1200 3037 ducitur·
1214 2977 1303 3041 Trin.
1320 2981 1377 3042 251

265 3083 386 3162 (dim),
404 3084 555 3166 oppidum
580 3085 695 3146 Pseud.
712 3085 771 3148 587
788 3084 887 3162 (001),
905 3084 1085 3168 quempiam
1109 3088 1204 3150 Truc.
1227 3088 1294 3159 105,
1321 3091 1380 3152 106

264 3191 360 3274 (oct).

304 3301 340 3362 ln
365 3301 502 3362 secundo
527 3297 682 3378 tertioque
705 3299 782 3380 pede
811 3321 818 3360 :
850 3297 1021 3376 conprimit
1046 3301 1146 3362 Mero.
1176 3301 1236 3360 340
1260 3298 1378 3376 (dim),

261 3407 417 3487 panuliam
432 3406 519 3470 Trin.
537 3408 616 3469 1119
644 3404 760 3486 (dim),
777 3405 923 3488 Jappiler
938 3409 1029 3468 Pers.
1050 3407 1108 3467 755
1125 3403 1222 3484 (oct),
1250 3407 1385 3482 aaciam¹

262 3520 347 3583 Rud.
363 3519 500 3582 913614
515 3515 613 3594 loeti.

304 3625 443 3688 intortio
461 3627 556 3704 pede:
571 3623 741 3706 glandium
758 3625 874 3685 Pseud.
889 3624 947 3686 166
964 3621 1061 3700 (oct),
1074 3620 1194 3682 labitur
1208 3621 1297 3684 Trin.
1319 3624 1377 3686 243

263 3729 378 3808 (dim),
396 3728 578 3807 Paepniam
591 3730 678 3790 Pers.
691 3729 750 3790 772
762 3726 879 3807 (0001),
898 3726 1038 3790 vidulam
1056 3726 1139 3786 Rud.
1152 3725 1213 3788 936
1228 3728 1246 3786 b
1259 3726 1375 3803 (dim).

207 3830 211 3838 ¹
304 3844 339 3902 ln
356 3841 466 3919 quinto
482 3841 560 3921 pede
578 3837 739 3900 :dividam
756 3839 843 3901 Pers.
858 3835 1148 3918 757(001.),)16000
1166 3840 1284 3902 Bacch.
1299 3839 1377 3900 1175

263 3941 377 4022 (sept),
396 3942 551 4004 neminem
565 3944 680 4004 Bacch.
695 3943 773 4003 1180
784 3940 900 4021 (sept).
917 3941 1058 4002 omnium
1074 3945 1171 4004 Poen.
1188 3942 1265 4005 1188
1277 3939 1375 4020 (occ),
1457 3969 1460 3982 ·

261 4063 424 4142 siapalam
434 4061 512 4124 cist.
530 4060 586 4123 701
604 4059 721 4139 (sept),
737 4059 859 4122 cineam
875 4061 969 4122 Cure.
984 4060 1044 4121 139
1059 4057 1155 4138 (oct).

304 4167 340 4227 In
355 4165 465 4244 quinto
474 4175 624 4242 sextoque
636 4163 730 4242 pede:
749 4162 884 4223 attinent
900 4163 1059 4225 Perseia
1076 4160 1191 4241 (sept),
1208 4163 1377 4223 consulant

263 4273 351 4333 Pers.
374 4272 434 4332 844
456 4268 555 4347 (oct),
578 4271 722 4348 pralium
752 4268 869 4329 Pseud.
892 4269 970 4329 1322
987 4265 1086 4345 (oct),
1114 4266 1234 4328 utimar
1255 4269 1372 4330 Bacch.

262 4381 339 4443 1108
356 4379 474 4460 (sept).

303 4485 340 4544 ln
354 4495 441 4544 sexto
458 4483 534 4563 pede
552 4481 720 4560 :praticae
730 4480 824 4542 Truc.
841 4481 898 4542 111
917 4478 1014 4559 (oca).

303 4595 340 4654 ln
351 4603 438 4654 sexto
454 4591 649 4671 septimoque
662 4592 738 4670 pede
751 4611 757 4650 :
772 4589 966 4674 conditamst
983 4589 1101 4651 Pseud.
1115 4590 1174 4682 575
1184 4585 1283 4665 (oct).

302 4703 340 4763 In
364 4700 496 4780 septimo
516 4703 611 4780 pede:
629 4704 790 4778 apparant
803 4700 896 4760 Truc.
915 4699 974 4759 112
990 4695 1090 4776 (001),
1108 4695 1259 4777 sospitem
1276 4697 1372 4759 Poen.

261 4803 339 4866 1188
355 4800 453 4882 (oct).
