3542 5624
422 673 443 734 8
769 687 809 732 ns
831 686 1001 730 cneus-uus
1022 685 1221 731 assenseris

341 829 473 896 223-224
496 829 610 907 Neque
620 821 681 886 nisi
698 822 774 906 quia
788 821 885 886 miser
899 839 962 885 non
978 821 1014 886 od
1028 841 1166 904 pessum,
1180 821 1225 885 mi
1237 821 1303 885 ulla
1312 819 1400 886 dbest
1413 819 1428 901 ΙΙ
1445 821 1568 904 perdito

1386 927 1563 1011 [pernicies.

403 1073 444 1122 Ita
458 1070 535 1134 pater
546 1064 621 1132 apud
633 1064 729 1115 villam
742 1063 861 1114 detinuit
874 1075 919 1115 me
936 1061 986 1113 bos
1000 1061 1058 1114 dies
1072 1076 1120 1113 sex
1143 1062 1158 1125 ΙΙ
1180 1061 1239 1114 ruri
1249 1059 1405 1118 obnunuos,

403 1161 499 1224 Neque
520 1141 626 1208 licitum
640 1152 770 1206 intereant
789 1157 881 1203 meam
894 1149 1012 1202 amicam
1027 1152 1124 1203 visere.
1142 1153 1157 1214 ΙΙ
1179 1135 1263 1203 Estne
1279 1150 1330 1202 boc
1351 1148 1484 1202 misemm
1505 1146 1565 1198 me·

1420 1236 1562 1304 [moratu'l

582 1349 810 1416 Orsremeeut,
826 1344 974 1408 675-677.

497 1495 527 1546 Si
542 1508 588 1547 era
602 1497 665 1546 mea
680 1507 724 1544 me
738 1493 806 1545 sciat
824 1497 880 1545 tarn
894 1491 1035 1544 socordem
1047 1505 1108 1543 esse
1123 1493 1206 1556 quam
1219 1506 1295 1543 sum.

358 1630 417 1693 675
439 1631 586 1702 Quamne
608 1625 643 1688 in
667 1624 816 1690 manibus
845 1623 931 1687 tenui
954 1621 1049 1704 atque
1073 1622 1179 1705 accepi
1208 1623 1261 1686 hic
1284 1621 1356 1686 sinte
1380 1624 1469 1688 aedis
1497 1623 1564 1686 cis·

1431 1730 1560 1813 [tellam

337 1847 475 1912 676-677
499 1844 561 1908 Ubi
578 1843 618 1906 sit
632 1842 750 1914 nescio,
770 1843 832 1908 nisi
847 1863 894 1918 ea,
911 1845 946 1906 rit
960 1843 1085 1926 opinor,
1101 1834 1121 1923 li
1130 1845 1199 1908 loca
1214 1843 1339 1908 circiter
1347 1844 1465 1908 excidit
1484 1845 1564 1908 haec

767 2043 771 2050 ,
1450 1950 1549 2033 imi-ii

401 2055 440 2106 Mi
454 2055 588 2114 hemines,
600 2054 638 2105 mi
652 2054 827 2118 spectatores,
841 2053 922 2103 tacite
933 2051 1065 2103 indicium
1080 2053 1103 2102 si
1117 2051 1178 2116 quis
1198 2052 1276 2112 vidit,
1287 2053 1297 2117 ΙΙ

402 2147 470 2204 Quis
485 2158 547 2196 eam
562 2144 715 2206 abstulerit,
729 2143 791 2206 quis
818 2141 958 2194 sustulerit
969 2147 996 2192 et
1017 2147 1109 2193 utrum
1123 2143 1175 2193 bae
1201 2143 1211 2206 ΙΙ
1244 2157 1279 2193 au
1303 2143 1369 2194 illac
1388 2143 1440 2194 iter
1457 2142 1566 2193 instite-

1473 2231 1528 2298 [rit.
1544 2233 1554 2296 i

581 2334 812 2400 Grsrumlnm,
827 2329 974 2394 701-703.

402 2495 502 2559 Neque
514 2493 638 2557 prorsum
650 2491 682 2540 iit
693 2489 762 2540 bae:
779 2488 823 2539 'trie
836 2487 920 2550 stetit,
933 2487 999 2538 binc
1011 2486 1079 2536 illuc
1094 2485 1168 2536 exiit.
1179 2484 1232 2536 Hie
1244 2483 1393 2535 concilium
1409 2483 1470 2534 luit.

360 2639 419 2702 701
444 2637 492 2700 td
505 2633 584 2697 duds
598 2633 709 2696 attinet
724 2656 731 2695 :
747 2631 947 2712 liquiddmst.
958 2632 1044 2694 Attat
1056 2629 1219 2709 singultim
1235 2625 1326 2690 video
1342 2625 1523 2707 vestigium.

443 2744 506 2806 Sed
530 2741 557 2804 is
574 2738 632 2804 hdc
649 2740 737 2806 abiit.
760 2740 1016 2822 contemplabor.
1036 2737 1121 2799 Hinc
1140 2738 1203 2798 hdc
1218 2735 1255 2798 iit
1277 2757 1284 2797 ε
1308 2737 1382 2797 hinc
1405 2755 1564 2816 nusquam

1476 2837 1563 2902 abiit.

358 2961 417 3022 703
440 2954 550 3020 Aetam
579 2973 643 3017 rem
678 2971 748 3033 ago.
780 2951 871 3025 Quod
894 2950 986 3031 periit
1009 2949 1110 3030 periit,
1136 2968 1243 3011 mcum
1273 2946 1396 3010 cdrium
1414 2840 1561 3016 (oiim)

1418 3053 1562 3138 [cistella.

498 3181 591 3233 Redeo
603 3185 715 3244 <ego>
730 3179 814 3230 intro.
829 3178 940 3236 Mulier,
958 3191 1056 3229 mane:
1072 3185 1137 3230 sunt
1158 3179 1206 3242 qni
1221 3179 1318 3231 volunt
1339 3185 1364 3231 tc
1382 3182 1560 3232 conventam.

583 3327 762 3398 Cononem,
785 3323 929 3384 141-146.

403 3475 445 3524 Tu
464 3473 508 3524 me
523 3476 616 3523 curato
630 3470 664 3522 ne
677 3470 777 3533 sitiam,
792 3483 843 3535 ego
858 3469 905 3520 tibi
918 3470 992 3532 quod
1004 3484 1080 3521 amas
1094 3470 1150 3534 jam
1165 3471 1221 3523 buc
1233 3472 1379 3524 adducam.

432 3593 492 3642 Tibi
506 3606 540 3643 ue
557 3595 616 3656 ego,
631 3590 653 3641 si
665 3591 748 3641 fidem
764 3591 856 3640 servis
870 3603 987 3653 meeum,
1004 3592 1114 3642 vineam
1131 3605 1179 3656 pro
1194 3606 1277 3644 aurea
1294 3595 1382 3644 statua
1403 3599 1532 3651 statuam,

744 3678 812 3735 Quae
827 3679 873 3730 tub
885 3680 989 3743 gutturi
1002 3679 1037 3729 sit
1051 3681 1271 3732 monumentum.

463 3849 528 3900 cist.
545 3849 600 3898 675.
616 3851 668 3899 An.
686 3846 870 3910 septenarium
882 3853 1056 3912 mnoverunt
1070 3848 1248 3911 Ritscbelius,
1258 3851 1433 3918 Spengelius,
1447 3853 1563 3906 Sebosi-

430 3921 494 3977 lius,
507 3918 813 3970 Gaetulus-Soboellius.

460 3991 574 4042 676-671.
590 3993 646 4040 Au.
665 3990 848 4052 septenarium
873 3989 1069 4054 discripserunt
1080 3993 1256 4054 Ritscbelius,
1276 3995 1510 4060 Spengelius,an.
1521 3997 1564 4046 di-

430 4071 547 4114 metrum
560 4061 817 4126 paroemiacumque
831 4061 995 4111 Soboellius.
1019 4062 1069 4112 Ubi
1080 4078 1113 4113 aa
1129 4063 1330 4116 sitneect'cnist'
1346 4067 1563 4132 utcpinorlibri,

430 4131 592 4198 eapostnisl
604 4131 663 4194 traj.
676 4131 842 4182 Seboelliue.
854 4131 926 4181 Loca
939 4132 1237 4186 baecclrcltcreccct'dt't
1245 4135 1284 4186 mi
1295 4137 1367 4196 libri,
1378 4138 1517 4191 (caecante
1525 4140 1564 4188 ml

429 4205 596 4266 traiecerunt
611 4202 789 4260 Ritschelius,
800 4203 976 4267 Spengelius,
993 4205 1227 4270 Schoelliusque..

461 4277 526 4326 Cist.
547 4273 602 4324 701.
612 4277 665 4323 An.
680 4273 865 4336 septenarium
877 4274 1014 4338 discripsit
1029 4277 1195 4336 Seboellius,
1208 4281 1380 4332 octonarium
1396 4281 1561 4342 Muellerus,

431 4345 605 4411 Spengelius
632 4342 810 4408 Liquidumst
834 4344 999 4406 Schoellius,
1027 4345 1112 4412 liquis
1134 4349 1166 4412 P,
1184 4349 1214 4398 lct‘
1236 4350 1284 4416 qut'
1298 4355 1365 4402 sunt
1378 4352 1561 4412 Camerarius,

430 4417 605 4482 Spengelius.
624 4412 777 4478 Vestiqium
792 4413 867 4463 uideo
879 4416 976 4478 trajicit
993 4418 1154 4481 Seyffertus.

459 4488 575 4538 toa-703.
599 4489 655 4536 An.
676 4485 842 4547 septenarios
857 4487 1056 4552 discripserunt
1071 4491 1233 4552 Muellerus,
1247 4491 1343 4543 Placet.
1357 4495 1456 4558 Pron,
1472 4509 1502 4562 p.
1522 4495 1562 4555 7³,

429 4558 603 4622 SpengeiiuS,
621 4555 786 4610 Seboellius
804 4555 1110 4611 Goetzius-Scbocliius,
1124 4563 1257 4624 <Curn>
1267 4564 1370 4615 addidit
1383 4565 1471 4617 Valla.

460 4629 542 4680 Cure.
567 4627 683 4679 138-146.
695 4629 862 4690 Anapacsios
877 4637 1050 4692 agnoverunt
1068 4633 1231 4690 Muellerus.
1248 4634 1342 4686 Plaut.
1358 4637 1456 4700 Pron„
1475 4651 1502 4702 p.
1521 4637 1562 4694 te,

430 4699 484 4758 111,
508 4698 564 4758 120,
589 4697 766 4762 Spengelius,
793 4696 925 4760 Reform,
944 4715 973 4764 p.
1000 4701 1054 4758 161,
1082 4704 1220 4762 Goetzius,
1242 4707 1561 4767 Goetzius-Scboellius;

428 4770 569 4822 trochaeos
584 4767 765 4820 restituebant
778 4767 965 4834 Hermannus,
981 4771 1188 4826 Fleckeisenus.
