3450 5630
548 706 570 742 Ι...
627 679 896 736 ann-mosoma·
914 705 923 740 3„
942 707 957 738 ,·
1253 665 1313 742 231:

233 827 271 887 ln
285 823 374 886 tertio
388 832 562 903 quartoque
578 825 668 904 pede:
685 823 820 886 sordere
836 824 934 886 visust
950 827 1047 890 Peon.
1066 826 1145 888 1179
1159 828 1178 887 b
1194 821 1310 903 (dimi.

198 929 271 990 :nt-li.
284 925 409 1005 Cretica
419 927 614 1008 dactylicave
629 931 701 998 vox,
718 929 810 1007 cujus
827 928 1071 1008 ultimasyllaba
1086 931 1313 1008 synaloepham

195 1041 322 1124 patitur,
353 1061 425 1104 oum
463 1041 642 1123 principiali
668 1029 885 1124 polysyllabae
915 1043 1002 1105 vocis
1041 1044 1122 1124 posit
1109 1045 1194 1106 tione
1220 1047 1315 1124 longa

78 1165 82 1172 ’
195 1148 339 1244 syllaba
331 1157 447 1237 puncta,
467 1168 522 1228 pro
531 1155 676 1238 quattuor
690 1145 787 1239 moris
798 1145 942 1227 ponitur:

217 1251 280 1322 [ιι
296 1250 407 1352 quinto
423 1262 571 1328 sextoque
586 1250 681 1327 'pedm
697 1248 820 1309 obuiam
842 1247 978 1326 ipaobil'
968 1269 994 1310 rs
1012 1247 1127 1312 Pseud.
1131 1231 1198 1332 592
1215 1249 1280 1328 (oct
1281 1248 1310 1328 .).

202 1339 282 1423 M.
296 1333 519 1440 Monosyllaba
530 1360 632 1437 longa,
650 1376 724 1418 cum
740 1357 874 1419 iambico
889 1359 1106 1438 polysyllabae
1121 1358 1208 1420 vocis
1224 1357 1314 1458 initio

195 1467 313 1546 juncta,
335 1485 389 1546 pro
406 1476 552 1544 quattuor
566 1463 665 1548 moris
676 1463 808 1543 ponitur
825 1486 831 1523 :
852 1545 855 1550 Ι
1309 1469 1314 1479 “

237 1583 273 1642 ln
299 1589 410 1658 quarto
432 1579 509 1658 pede
531 1602 536 1638 :
560 1559 631 1638 cum
665 1576 838 1637 machaera
863 1577 978 1638 Pseud.
1005 1577 1074 1638 593.
1104 1577 1165 1639 594
1188 1574 1311 1657 (sept).

198 1690 293 1751 Hunc
322 1707 469 1768 versum
477 1687 725 1767 anapaesticurn
758 1703 826 1748 esse
866 1685 1099 1750 intellexerunt·
1126 1687 1312 1751 Muellerus

197 1797 369 1890 christine,
391 1795 561 1888 Goetzius
567 1795 757 1858 Schoellius.
791 1799 859 1858 Nec
889 1796 1061 1858 maabadra
1092 1797 1198 1859 metiri
1229 1799 1312 1874 lieet,
1342 1823 1344 1828 ·

196 1883 454 1981 quandoquidem
471 1902 594 1982 syllaba
609 1911 722 1962 natura
740 1901 865 1981 longa'
857 1921 890 1964 ιιι
905 1902 1010 1965 media
1022 1921 1105 1973 voce
1117 1903 1234 1984 corripi
1252 1921 1318 1970 non

196 2014 306 2087 potest.
331 2003 525 2084 Praepositio
549 2015 655 2086 autern
683 2023 756 2066 cum
784 2005 912 2066 nomine
936 2015 1000 2068 tarn
1026 2017 1093 2070 arte
1118 2011 1262 2070 cohaeret
1279 2018 1312 2070 ut

196 2133 270 2178 cam
282 2114 455 2176 machaera
464 2132 547 2194 ,cum
560 2111 725 2193 adplicare
741 2111 856 2194 (supra,
873 2134 904 2194 p.
917 2115 987 2193 230)
1004 2118 1054 2178 vel
1064 2115 1312 2196 perditionumas

198 2223 246 2302 (su
251 2244 318 2306 pra,
333 2246 366 2306 p.
388 2222 437 2302 73)
453 2222 587 2286 conferri
610 2223 718 2302 possit,
743 2223 823 2284 sicut
840 2223 872 2284 ia
888 2223 947 2284 boe
963 2221 1082 2305 (supra,
1101 2245 1131 2304 p.
1144 2226 1187 2288 65
1200 2227 1312 2289 'eodem

199 2335 306 2410 nlcdd'
320 2331 445 2412 quoa'bi
460 2331 639 2410 similiaque
655 2329 772 2410 (supra,
791 2350 820 2410 p.
838 2329 878 2392 60
892 2329 985 2410 seq),
1008 2341 1170 2395 tractatur.

238 2439 462 2520 Hisexemplis
477 2457 515 2501 ea
537 2456 618 2518 quae
633 2439 671 2499 de
685 2439 798 2501 cretico
816 2457 870 2518 pro
885 2439 1043 2517 spondaeo
1072 2441 1172 2522 posito
1201 2448 1310 2522 supra,
1366 2493 1371 2506 .

197 2550 204 2627 l
210 2571 240 2631 p.
257 2549 496 2630 ansualdica
513 2557 598 2617 sunt,
616 2543 854 2609 confirmantur.
868 2549 954 2610 Nam
970 2547 1121 2610 bdellium
1137 2550 1233 2612 Cure.
1255 2551 1311 2612 101

198 2659 231 2722 in
245 2659 328 2722 exitu
345 2657 488 2732 dimetri‚'
505 2656 686 2738 Pae‘pnium
710 2657 796 2718 Pers.
819 2659 884 2718 818·
901 2656 934 2716 in
957 2659 1095 2721 secundo
1117 2659 1312 2738 paroemiaci

195 2768 282 2846 pede,
306 2765 443 2838 improbi
463 2763 563 2826 Stich.
580 2767 628 2825 131.
647 2767 684 2824 14
710 2763 896 2824 insecundo
928 2763 1052 2823 dimetri
1074 2764 1167 2842 pede,
1196 2763 1309 2824 reslial

194 2869 268 2928 Cas.
285 2865 418 2926 821622
431 2865 463 2926 iu
486 2871 571 2926 sexto
586 2861 738 2926 octonarii
750 2859 992 2942 hypercatalecti
1005 2863 1081 2942 pede
1111 2880 1166 2940 pro
1182 2862 1307 2940 dactylo

196 2969 348 3051 pouissnon
369 2976 509 3048 possunt.
527 2966 594 3028 Nec
608 2964 711 3030 metiri
727 2966 799 3027 licet
826 2964 1004 3045 adplicata,
1022 2968 1071 3028 vel
1088 2985 1184 3026 cerna
1201 2967 1310 3027 adluat

195 3077 327 3137 velasse
341 3073 473 3134 dicuni.

195 3203 319 3329 54.
272 3279 311 3292 -
306 3247 376 3320 Dc
386 3200 511 3360 paeone
521 3249 636 3332 quarto
648 3265 708 3324 pro
726 3264 785 3330 uno
795 3243 879 3324 pede
892 3199 940 3356 ael
961 3243 1084 3350 dachus
1099 3199 1312 3324 semipedibus

201 3351 222 3374 ”
696 3343 800 3430 pesilo

219 3525 307 3586 &Hae
321 3537 412 3584 voces
426 3515 743 3600 paeoneniquartum
750 3513 923 3577 efficientes
941 3532 996 3593 pro
1012 3515 1180 3592 anapaesto
1190 3530 1311 3592 ponun-

197 3602 263 3696 tur:
289 3624 605 3708 laerifupas'Pscud.
626 3623 715 3694 1132,
727 3621 759 3682 iu
773 3621 874 3702 primo
890 3618 1064 3700 septenarii,
1084 3620 1179 3702 pede;
1211 3616 1311 3678 male-

189 3731 440 3818 ficamlPseud.
466 3734 544 3806 938,
571 3731 604 3791 in
645 3739 731 3792 sexto
762 3724 918 3789 octonarii
948 3724 1186 3803 hypercatalecti
1222 3724 1309 3801 pede,

195 3842 384 3907 mebiia'eris.
405 3841 503 3903 Stich.
517 3841 574 3906 47,
607 3837 639 3898 in
668 3836 804 3896 secundo
831 3831 981 3910 tertioque
998 3829 1188 3911 paroemiaoi
1220 3831 1308 3908 pede,

199 3943 367 4028 sequimini
382 3945 454 4005 Cas.
475 3940 624 4014 165166,
636 3940 675 4000 in
691 3939 794 4021 primo
809 3936 1053 4016 octonariipede.
1076 3967 1083 4000 ,·
1163 3989 1166 3998 ,

198 4052 400 4131 ’ςῑ-Αῗ5ιιιιοιιθ
414 4061 531 4130 quarta
540 4048 654 4128 incipit
664 4046 886 4127 manipulatim
904 4045 1020 4109 Pseud.
1044 4046 1099 4108 181
1117 4063 1175 4106 uec
1187 4063 1313 4108 necesse

197 4175 244 4226 est
271 4162 471 4241 maniplalim
499 4159 643 4231 scribere,
670 4175 854 4236 quanquam
880 4155 923 4216 ila
947 4156 1010 4216 iere
1040 4153 1311 4234 pronuntiabatur.

199 4275 278 4338 Vide
293 4292 399 4352 supra,
418 4292 450 4350 p.
471 4271 508 4332 81
525 4288 587 4363 seq.

241 4381 350 4462 Ibique
360 4399 494 4458 repnum
508 4378 590 4440 Rud
606 4359 668 4435 935
680 4352 699 4434 'b
714 4355 865 4434 crimsale
837 4372 892 4431 ell
894 4371 951 4432 iles
955 4369 1061 4460 ‚quad
1071 4369 1183 4430 cedidit
1194 4369 1312 4448 (supra,

200 4505 240 4564 p.
254 4484 307 4562 82)
321 4482 455 4554 conferri
469 4491 588 4560 polest.
588 4479 681 4548 Nam
697 4476 740 4550 ibi
751 4488 873 4556 propter
894 4474 1065 4567 iambicam
1086 4475 1313 4555 correptionem

201 4612 254 4672 pro
269 4592 392 4652 duabus
408 4589 554 4652 brevrbus
572 4585 706 4667 ponitur
730 4595 802 4658 t3un1
823 4561 1166 4664 paesicutMil.1072
1187 4581 1310 4664 (supra,

201 4699 331 4778 57,5[
351 4698 470 4774 Pseud
503 4698 575 4770 175
582 4694 758 4787 §suprap
781 4692 861 4768 33),
874 4690 953 4752 Gist
971 4690 1030 4752 672
1052 4689 1170 4828 (supra,
1185 4711 1224 4770 p.
1242 4690 1313 4768 220)

200 4820 371 4882 syncopam
385 4800 513 4882 patitur.
1067 4843 1069 4850 .
