3542 5624
420 632 461 692 74
756 647 797 690 nr,
819 637 984 688 susumus
1004 643 1204 688 nunpnasrrs

455 896 498 956 F.
521 895 570 956 De
597 893 773 954 trochaicis
803 891 861 971 (ool
884 890 917 953 in
939 891 1125 952 trochaeum
1144 889 1342 970 exeuntibus)
1372 890 1498 955 uocibus

603 1021 674 1060 eam
689 999 917 1091 monosyllabis
930 997 1088 1078 positione
1110 999 1357 1082 lonyisjanctis.

464 1206 501 1264 ln
517 1201 618 1282 primo
635 1201 713 1280 pede
729 1223 735 1262 :
749 1199 824 1261 inole
835 1220 882 1261 me
894 1209 921 1261 et
939 1201 1056 1262 Pseud.
1075 1201 1134 1264 588
1149 1197 1244 1277 (oct).

465 1313 502 1370 ln
517 1310 618 1388 primo
631 1309 929 1387 secundoqucpede:
942 1306 1023 1368 illud
1029 1313 1075 1369 est
1089 1309 1177 1369 Trin.
1189 1304 1370 1384 asaldimy,
1387 1302 1542 1387 quicquid

427 1421 473 1478 est
488 1411 586 1481 Mero.
604 1416 662 1477 337
679 1411 794 1490 (diu).

464 1525 500 1583 In
525 1521 662 1582 secundo
676 1519 829 1598 tertioque
844 1521 921 1598 pede
938 1541 944 1580 :
967 1539 1061 1595 saepe
1074 1523 1148 1580 sunt
1164 1519 1252 1580 Pers
1269 1517 1328 1580 848
1345 1511 1438 1594 (σοι).

432 1687 444 1696 ,,
465 1631 503 1690 In
518 1637 604 1690 sexto
616 1629 692 1706 pede
703 1641 709 1680 t
722 1627 958 1688 mandatasant
974 1627 1124 1689 Pers.182
1141 1625 1259 1705 (sepul.

465 1868 502 1928 G.
534 1867 583 1926 De
610 1863 785 1925 trochaicis
809 1861 866 1940 (uel
893 1863 927 1924 in
949 1865 1135 1925 trochaeum
1155 1859 1351 1937 onerantibus)
1375 1859 1500 1921 uocibus

624 1989 695 2028 cam
710 1969 937 2048 monosyllabis
962 1973 1080 2040 natura
1095 1967 1341 2048 lonylsjanctis.

402 2213 407 2226 .
467 2169 505 2228 ln
522 2167 660 2227 secundo
675 2164 829 2244 tertioque
844 2165 931 2243 pede:
949 2163 1037 2226 mitte
1052 2164 1123 2226 med
1140 2163 1305 2226 Mil1067
1322 2161 1440 2242 (sepa).

467 2251 984 2352 lnternopeue20celamr'rin.
1007 2271 1198 2352 salumn.
1237 2317 1239 2324 Α
1331 2313 1334 2326 .

468 2381 504 2438 ln
520 2377 630 2456 quinto
647 2379 736 2457 pede:
756 2378 843 2438 mitte
855 2368 903 2438 me
919 2379 1036 2440 Pseud.
1053 2379 1113 2440 239
1130 2376 1246 2458 (sepa).
1429 2457 1433 2466 .

469 2488 505 2546 ln
522 2485 632 2565 quinto
648 2495 796 2564 sextoque
811 2488 889 2566 pedo
909 2507 915 2547 :
940 2505 1035 2546 necne
1056 2486 1099 2546 sit
1123 2485 1194 2547 Mil.
1212 2485 1288 2550 1051
1301 2483 1418 2564 (sepa),
1435 2483 1545 2546 Aetna

428 2615 517 2656 mons
533 2595 604 2662 Mil.
621 2592 825 2672 1065lsept.).

429 2839 472 2900 H.
486 2837 536 2897 De
556 2836 682 2897 creticis
708 2836 913 2916 dactylicisue
930 2837 990 2916 (vel
1007 2838 1040 2898 in
1050 2838 1203 2900 creticam
1216 2838 1415 2921 dactylamue
1430 2859 1546 2900 exean-

469 2948 563 3027 libus)
588 2947 714 3009 uocibus
734 2967 870 3030 pitaram
886 2948 998 3046 altimo
1023 2949 1148 3029 syllaba
1174 2949 1403 3030 synaloepham
1421 2948 1547 3028 patitur

469 3075 539 3116 cam
554 3053 782 3134 monosyllabis
793 3052 952 3133 positione
965 3053 1218 3132 lonyisjanclls.

475 3248 512 3308 ln
527 3245 629 3326 primo
645 3246 738 3324 pede:
751 3245 926 3325 prandiam
945 3253 978 3307 at
997 3249 1083 3308 Men.
1098 3247 1156 3308 367
1172 3243 1283 3324 (dim).

476 3356 513 3414 ln
528 3353 628 3432 primo
639 3355 837 3433 secundoque
853 3355 947 3433 pede:
966 3357 1072 3416 omnia
1088 3355 1121 3416 in
1137 3357 1250 3418 Pseud.
1265 3357 1323 3418 941
1341 3354 1440 3434 lost.)-

472 3464 509 3522 ln
525 3462 663 3523 seeundo
678 3463 829 3542 tertioque
837 3464 927 3540 pede:
939 3465 1038 3524 calleo
1055 3468 1083 3526 et
1096 3467 1183 3526 Pers.
1206 3466 1261 3528 176
1274 3465 1548 3546 ldim.l,sabnlast

432 3567 519 3627 Pers
537 3566 597 3628 788
613 3562 707 3642 (ool).

473 3677 510 3738 ln
520 3674 630 3753 quinto
642 3675 736 3754 pede:
754 3673 853 3736 uisere
868 3681 913 3736 est
926 3676 1005 3738 Cist.
1018 3677 1154 3739 227-228
1168 3674 1265 3755 (oon).

474 3781 510 3839 In
526 3778 634 3858 quinto
657 3788 805 3856 sextoque
822 3779 915 3858 pede:
933 3779 1049 3840 ducere
1064 3781 1101 3840 ei*
1127 3783 1201 3842 Aul.
1212 3782 1343 3844 149-150
1356 3777 1460 3858 (ool),
1483 3799 1546 3840 oes-

433 3884 547 3964 tiyiam
563 3883 595 3942 in
606 3883 684 3945 cist.
701 3885 761 3946 698
773 3883 871 3962 (autb.

474 3994 509 4052 ln
523 3999 609 4052 sexto
623 3991 700 4070 pede
717 4014 723 4051 :
736 3992 859 4069 polleyo
875 3991 938 4050 baa
948 3993 1035 4053 Pers,
1049 3992 1108 4054 500
1120 3989 1192 4070 (out.
1202 3990 1223 4068 l.

475 4095 512 4152 ln
523 4103 608 4154 sexto
620 4094 814 4170 septimoque
829 4096 920 4172 pede:
937 4095 1082 4172 (nobilest
1093 4095 1180 4158 Trin.
1193 4096 1264 4169 828,
1277 4095 1364 4173 ocu).

465 4298 486 4345 l.
505 4295 710 4358 Diphlhongum
722 4307 786 4343 oum
796 4295 902 4357 syllaba
916 4296 1050 4358 positione
1062 4297 1143 4361 longa
1158 4299 1247 4360 polius
1261 4313 1345 4362 quam
1362 4312 1425 4348 oum
1439 4297 1547 4362 syllaba

434 4373 528 4417 natura
542 4367 624 4429 longa
638 4365 849 4426 comparandam
870 4380 930 4416 esse
953 4373 1024 4417 recle
1041 4376 1134 4419 monet
1150 4371 1218 4420 Lud.
1237 4371 1371 4433 Havetus
1392 4371 1484 4434 Mela,
1497 4371 1544 4420 all.

433 4437 512 4498 edin,
528 4437 541 4501 ἓ
559 4439 612 4498 las,
628 4436 656 4484 in
671 4435 760 4484 adnot.
788 4439 870 4497 Atqui
891 4437 916 4486 ei
927 4439 1077 4500 interjeolio
1089 4441 1168 4490 eliam
1188 4443 1374 4508 diphthongus
1392 4448 1457 4506 erat,
1479 4455 1544 4493 eum

434 4510 461 4557 in
484 4509 580 4558 ceteris
603 4508 715 4558 vocibus
731 4505 755 4554 ei
772 4507 898 4557 Plautina
912 4517 1028 4559 aelatae·
1049 4514 1283 4574 pronuntiaretur.
