3542 5624
458 630 497 691 34
781 647 822 694 nn
836 647 1008 692 retornus
1029 647 1230 690 intruseris

484 786 578 850 Domi
598 787 660 850 nisi
682 789 806 852 malum
820 797 927 851 rostra
941 785 1065 869 operest
1077 788 1182 860 bodie,
1209 786 1388 870 inprobae?
1411 787 1487 850 Vini
1513 788 1608 851 modo

1344 897 1491 978 [cupidae
1510 898 1602 960 estis.

553 1031 591 1084 llo
606 1033 655 1084 vds
681 1038 785 1084 vostros
806 1031 929 1098 pantices
944 1032 1013 1082 adeo
1029 1031 1200 1083 madettcitis
1215 1045 1300 1098 quom
1312 1045 1364 1097 ego
1376 1031 1428 1081 sim
1443 1031 1488 1082 bic
1499 1031 1604 1084 siccus.

622 1211 822 1283 Penunocus,
838 1209 983 1270 574-575.

801 1365 916 1416 'llblcen
930 1376 980 1415 vos
996 1361 1105 1414 interibi
1119 1361 1165 1412 hie
1184 1361 1371 1413 delectaverit.

399 1499 458 1562 574
481 1501 544 1562 Pro
557 1496 714 1577 luppiter,
729 1503 766 1556 ut
786 1492 867 1556 milri
891 1491 1042 1572 quicquid
1066 1509 1126 1571 ago
1147 1489 1251 1572 lepide
1264 1488 1373 1552 omnia
1393 1506 1608 1569 prospereque

1420 1590 1585 1673 [eveniunt
1597 1614 1604 1654 :

477 1721 591 1801 Neque
611 1717 696 1802 quod
715 1718 857 1780 dubitem
872 1734 976 1796 neque
995 1713 1080 1796 qnod
1098 1713 1231 1776 timeam
1245 1731 1315 1775 meo
1330 1711 1365 1773 in
1386 1715 1510 1792 pectore
1524 1727 1606 1772 con-

1258 1822 1405 1898 [ditumst
1417 1819 1603 1882 consilium.

689 1968 761 2020 Nem
775 1970 809 2018 ee
832 1965 980 2025 stultitiast,
1003 1965 1113 2015 ticinus
1127 1969 1260 2028 magnum
1274 1963 1371 2014 timido
1385 1961 1461 2012 cordi
1474 1960 1602 2012 eredere.

621 2150 826 2221 PsennonuS,
841 2146 988 2209 586588.

624 2302 707 2353 Nunc
720 2302 865 2352 inimicum
882 2315 933 2366 ego
949 2301 1025 2351 brine
1038 2313 1216 2352 communem
1240 2315 1335 2353 meum
1350 2303 1432 2367 etque
1446 2307 1606 2354 vostrorum

1468 2391 1606 2458 [omnium

626 2481 781 2532 Ballionem
793 2479 974 2531 exbbllistebo
984 2479 1086 2545 lepide.
1106 2482 1177 2530 nato
1191 2481 1303 2543 operam
1317 2481 1411 2531 modo.

398 2615 459 2677 586
480 2615 583 2694 Atque
610 2615 674 2674 huc
701 2632 787 2675 meas
809 2613 949 2693 legiones
983 2615 1100 2676 ducam
1124 2613 1304 2693 :iliacilem
1331 2622 1389 2696 ego
1417 2619 1502 2680 hauc
1534 2635 1605 2680 rem

1147 2725 1238 2798 [meis
1253 2724 1378 2788 civibus
1393 2725 1520 2788 faciam.
1541 2726 1547 2802 Ι
1575 2723 1593 2806 ΙΙ

478 2832 555 2895 Post
567 2829 606 2894 bd
622 2835 681 2894 boc
696 2831 851 2911 oppidum
866 2840 955 2893 vetus
967 2829 1117 2894 continuo
1132 2851 1240 2896 meum
1259 2833 1433 2896 exercitum
1457 2833 1605 2914 protinus

1340 2939 1519 3014 [obducam.
1540 2941 1546 3020 Ι
1574 2939 1616 3022 ΙΙ·

470 3133 540 3184 mibi
561 3133 592 3195 P,
616 3132 729 3196 Speng,
753 3131 822 3180 bueo
843 3129 927 3178 verba
945 3128 975 3177 in
1000 3143 1026 3176 v.
1043 3129 1088 3178 183
1103 3129 1248 3178 asciscens.
1264 3129 1444 3180 octonarium
1461 3131 1539 3180 libris
1553 3131 1604 3181 du·

468 3208 546 3258 cibus
558 3204 755 3266 discripserunt
765 3201 929 3261 Muellerus,
944 3200 1082 3262 Goetzius,
1091 3200 1401 3263 Goetzius·Soboellius,
1413 3203 1604 3265 septenarium

469 3273 651 3342 t-praebibco]
667 3274 841 3337 Spengelius.

499 3349 554 3398 183.
583 3346 759 3396 Ootonarium
784 3344 904 3393 admisso
927 3343 1004 3394 biatu
1027 3343 1056 3392 in
1077 3356 1191 3393 caesura
1215 3343 1413 3408 discripserunt
1437 3346 1603 3410 Muellerus,

468 3420 606 3480 Goetzius,
631 3415 944 3477 Goetzius-Soboellius,
968 3416 1140 3466 octonarium
1165 3415 1417 3478 hypercaulectum
1433 3417 1517 3468 ascito
1534 3417 1605 3483 quid

469 3490 540 3540 1111111
551 3490 707 3540 dubitanter
719 3487 857 3558 coustituit
870 3486 1045 3551 Spengelius.
1062 3485 1125 3552 Vini
1141 3487 1301 3549 Beroaldus,
1317 3489 1380 3536 eino
1393 3489 1464 3551 libri,
1484 3489 1602 3539 Nonius,

366 3567 369 3577 ¹
394 3555 415 3574 '¹
501 3562 602 3613 Pseud.
625 3560 740 3608 stt-575.
767 3563 820 3608 An.
847 3559 999 3608 octonarios
1022 3561 1196 3622 agnoverunt
1220 3559 1365 3622 Bergkius,
1381 3560 1491 3624 opusc,
1507 3561 1602 3624 vell,

468 3649 494 3700 p.
514 3635 569 3695 107,
596 3631 799 3692 Fleckeisenus,
822 3630 997 3693 Spengelius,
1018 3629 1151 3692 Reform„
1166 3644 1192 3692 p.
1207 3631 1261 3692 176,
1276 3631 1331 3692 400,
1349 3630 1492 3694 Cbristius,
1509 3631 1603 3697 Metu,

469 3706 556 3770 peon,
567 3701 844 3764 Goetzius,Klotzius,
853 3700 987 3763 Grunds,
996 3715 1022 3764 p.
1032 3700 1087 3763 541,
1098 3701 1410 3752 Goetzius-Schoellius.

501 3777 600 3826 Pseud.
621 3775 675 3824 586,
698 3776 786 3838 Atque
809 3773 863 3821 buc
885 3787 945 3822 meu
949 3809 1027 3821 ........
1030 3770 1088 3821 d...
1116 3771 1142 3820 si
1166 3786 1295 3836 eaepuqnu
1321 3776 1345 3821 A
1367 3774 1448 3834 linter
1468 3775 1603 3826 meuetd

468 3849 585 3912 spatium
609 3853 650 3896 est
672 3846 736 3896 circ.
753 3859 851 3895 novem
870 3845 1021 3894 litterarum
1036 3850 1103 3894 teste
1118 3843 1305 3894 Studemundi
1319 3845 1496 3908 apographo),
1516 3850 1603 3912 atque

469 3925 498 3970 ut
509 3920 565 3968 dioc
579 3932 655 3967 meas
671 3917 791 3980 lepiones
808 3915 950 3964 adducam
967 3916 994 3964 si
1008 3916 1059 3965 hoc
1073 3929 1202 3978 eoepupno
1215 3916 1278 3965 libri
1295 3917 1601 3979 praetermittemus

470 3990 590 4056 leqioncs
601 3989 744 4038 adducam
753 3989 890 4042 Goetzius,
899 3986 925 4034 si
935 3986 985 4037 hoc
993 4001 1122 4052 ecpupno
1136 3987 1163 4035 in
1181 4001 1206 4035 v.
1216 3987 1261 4036 587
1269 3987 1411 4049 collocato,
1423 3988 1601 4018 oo-oo-oe

467 4072 494 4121 ei
518 4083 646 4136 erepuqno
669 4070 782 4132 Speng,
803 4069 871 4130 ries,
888 4083 913 4132 p.
930 4068 1134 4129 401;Christius
1157 4067 1250 4129 Metu,
1264 4081 1289 4130 p.
1309 4068 1365 4128 660,
1384 4068 1486 4131 primas
1503 4082 1601 4120 versus

467 4157 548 4193 voces
568 4149 687 4206 utque...
721 4141 824 4188 ducam
841 4140 937 4202 partim
953 4139 1034 4201 delet,
1054 4139 1150 4202 partim
1170 4139 1264 4189 versui
1285 4139 1330 4188 587
1345 4141 1490 4203 immiscet,
1511 4154 1599 4203 quem

467 4223 530 4265 aute
546 4229 571 4263 v.
587 4214 632 4262 586
645 4212 768 4272 collocat,
780 4225 795 4260 e
809 4212 905 4260 ceteris
922 4217 1013 4262 autem
1025 4211 1193 4260 trochaicum
1208 4211 1392 4273 septenarium
1404 4211 1477 4274 lecit,
1492 4210 1600 4262 ciuibus

466 4285 575 4345 suriam
600 4282 668 4332 meis
684 4283 831 4344 trajiciens.
848 4281 880 4330 Si
896 4295 1024 4346 erepupno
1043 4282 1193 4331 delendum
1204 4282 1321 4344 videtur,
1337 4296 1392 4344 quo
1407 4283 1514 4332 sublato
1528 4286 1599 4348 opli-

467 4372 529 4407 mus
545 4358 573 4406 111
586 4355 749 4404 octonarius.

496 4430 550 4478 587.
580 4425 637 4474 Hoc
665 4423 795 4488 oppidum
822 4424 935 4488 Speng„
958 4424 1027 4486 11111,
1052 4438 1078 4488 p.
1105 4425 1160 4485 401,
1182 4422 1313 4487 oppidum
1335 4423 1388 4474 linc
1406 4425 1469 4475 libri
1483 4440 1547 4476 cum
1564 4431 1598 4490 Α,

467 4498 637 4560 Ritsob.,Gz.
657 4497 749 4544 Meum
763 4495 919 4544 exercitum
934 4499 966 4558 Α,
985 4495 1098 4560 Speng.,
1117 4509 1223 4544 mecum
1239 4495 1394 4545 coercitum
1414 4497 1476 4546 libri
1492 4504 1600 4562 praeter
1673 4511 1677 4523 ·

466 4574 500 4633 A,
518 4571 565 4620 Gz.
590 4567 726 4617 Protinus
739 4566 874 4615 obducam
898 4567 961 4617 libri
978 4573 1083 4630 praeter
1097 4570 1131 4630 Α,
1149 4567 1207 4628 Gz.,
1219 4566 1298 4632 proti
1311 4569 1315 4628 Ι
1330 4571 1353 4617 Α
1370 4569 1443 4630 1-11111
1456 4568 1598 4620 obducam

466 4639 726 4704 omisso),pr·otinus
738 4636 896 4701 producam
914 4639 1017 4703 Speng.
1029 4639 1210 4688 Troohaicum
1227 4641 1400 4690 octonarium
1410 4645 1437 4690 et
1445 4654 1490 4690 an.
1509 4641 1598 4693 dime-

466 4719 538 4763 trum
562 4712 627 4762 tacit
651 4711 788 4772 Goetzius,
812 4711 895 4760 ascito
914 4709 940 4758 si
957 4709 1007 4759 boc
1022 4723 1159 4774 ecpupno,
1178 4710 1264 4760 troch.
1280 4712 1467 4773 septenarium
1482 4713 1599 4767 restituit

392 4849 395 4855 .
466 4783 609 4846 Christius,
625 4781 680 4838 l.l.,
694 4794 741 4831 an.
757 4781 927 4832 octonarium
937 4781 998 4844 jure
1012 4781 1155 4833 constituit
1173 4781 1347 4847 Spengelius.
