3446 5626
407 612 448 676 80
734 632 774 672 na
796 632 963 674 ensurims
986 629 1187 674 ANAPAESTlS

409 771 535 846 longam
553 785 608 845 pro
624 783 689 828 una
705 766 789 826 brevi
804 785 869 827 non
882 765 966 846 poni,
985 785 1058 828 cum
1074 767 1199 828 duabus
1208 784 1365 848 paeonum
1376 765 1524 828 brevibus

409 877 606 954 respondeat.
999 868 1002 882 '

450 982 532 1059 Ergo
558 979 584 1040 si
607 997 664 1040 nec
686 979 771 1059 prior
792 996 851 1038 nec
878 979 978 1040 altera
1006 977 1113 1040 cretici
1135 979 1230 1056 longa
1249 975 1427 1054 corripitur,
1444 975 1525 1036 nihil

409 1093 504 1146 restat
530 1081 593 1146 nisi
618 1092 652 1145 ut
667 1083 773 1144 media
789 1082 1039 1166 brevisquodam
1055 1084 1148 1144 modo
1161 1084 1291 1144 tollatur
1304 1093 1334 1145 et
1349 1101 1405 1164 pro
1425 1081 1525 1160 nihilo

410 1191 444 1252 in
456 1209 549 1252 versu
562 1199 698 1268 putetur.
1505 1164 1507 1173 ἱ

449 1305 548 1384 Atqui
564 1305 673 1366 multis
690 1304 724 1365 in
739 1301 893 1382 exemplis
910 1301 1013 1363 media
1030 1301 1149 1364 vocalis
1165 1304 1307 1363 vocalem
1321 1299 1477 1363 antecedit
1496 1309 1527 1362 et

409 1434 465 1494 pro
480 1413 663 1476 semivocali
679 1413 786 1474 haberi
804 1423 914 1492 potest.
932 1413 1062 1475 Scilicet
1077 1423 1111 1474 ut
1126 1414 1159 1474 in
1174 1413 1253 1482 dies,
1270 1413 1349 1486 scio,
1364 1433 1442 1484 meo,
1460 1419 1526 1472 tuo·

409 1543 481 1583 rum
494 1521 664 1602 synizesim
681 1517 798 1582 [actam
812 1539 880 1580 esse
895 1538 991 1599 supra
1003 1519 1154 1588 vidimus,
1168 1521 1212 1581 ita
1228 1519 1260 1580 in
1270 1519 1389 1600 pridie,
1409 1519 1525 1593 nescio,

410 1647 531 1695 censeo,
553 1625 721 1706 postriduo
747 1623 969 1706 similibusque
990 1625 1118 1688 vocibus
1145 1626 1299 1706 synizesis
1324 1625 1520 1688 admittenda

413 1753 482 1798 esse
502 1735 640 1796 videtur.
670 1735 787 1796 Confer
802 1733 937 1806 Ennius
958 1735 1028 1808 443,
1053 1734 1254 1810 insidiantes,
1275 1735 1366 1808 Hos,
1385 1736 1476 1808 Sat„
1500 1737 1525 1802 l·‚

410 1863 478 1918 vm,
492 1845 541 1915 39,
566 1848 668 1912 cereri,
689 1845 733 1916 ll,
766 1863 799 1916 n,
813 1845 863 1910 21,
882 1849 1000 1918 ostrea,
1019 1845 1098 1917 Sat,
1119 1847 1143 1914 l,
1161 1865 1214 1914 vn,
1232 1845 1282 1912 38,
1304 1843 1526 1919 vindemiator,

411 1950 1246 2030 Epist,l‚1‚108‚pitoua,Virg.,AEn.V1,almania
1271 1947 1525 2030 (inversusiincl.

453 2057 491 2116 ln
514 2053 646 2134 reliquis
666 2066 774 2118 autem
789 2056 911 2116 creticis
929 2055 1059 2116 vocibus
1076 2059 1125 2118 vel
1141 2057 1310 2134 juncturis,
1328 2059 1438 2138 quales
1455 2066 1529 2119 sunt

413 2159 577 2234 neminem,
594 2159 680 2236 ilico,
699 2160 861 2239 improbis,
881 2160 1042 2228 mittente,
1060 2161 1166 2222 media
1181 2162 1283 2222 brevis
1300 2180 1440 2241 syncopa
1454 2181 1529 2225 sane

391 2264 634 2350 supprimitur.
661 2269 732 2328 Jam
743 2267 918 2341 Corssenus
939 2263 1056 2343 [Ueber
1083 2265 1303 2345 Aussppache,
1330 2265 1529 2327 Voealismus

413 2377 479 2437 und
502 2376 673 2455 Betoounp
698 2376 757 2436 der
782 2375 990 2436 lateinisches
1010 2376 1167 2456 Sprocbe‚
1184 2379 1228 2444 ll,
1246 2397 1280 2458 p.
1301 2379 1361 2438 520
1375 2397 1455 2456 seq„
1470 2377 1530 2440 656

413 2485 494 2564 seq.)
515 2485 548 2546 in
571 2481 746 2562 sablullust
770 2483 948 2562 oidlullum,
972 2484 1134 2564 optlulmc,
1152 2483 1346 2565 scptlulmns,
1364 2483 1529 2563 littlelrus,

413 2590 586 2671 aitlelrum,
617 2589 808 2669 semideam,
836 2589 986 2669 nemiiirte
1011 2591 1146 2671 accipiet
1175 2611 1351 2673 syncopam
1381 2602 1532 2656 statuerat

414 2703 553 2778 itemque
580 2699 841 2778 Sonncnburgius
864 2696 926 2775 (De
957 2719 1102 2761 uersuum
1122 2701 1237 2762 Plauti
1250 2703 1531 2781 anapaesticorcm

409 2801 579 2886 prosodia)
602 2803 636 2864 in
660 2804 757 2872 altro,
779 2803 910 2877 ultrum,
934 2804 1024 2880 cetri,
1047 2803 1159 2880 libros,
1182 2805 1301 2878 limas,
1319 2806 1446 2886 lempri,
1464 2825 1531 2866 ma·

415 2915 532 2986 ricmis,
557 2932 697 2976 maenas.
725 2911 845 2974 scilicet
859 2913 891 2973 in
909 2915 1038 2974 vocibus
1054 2915 1086 2976 in
1102 2915 1216 2992 quibus
1238 2917 1375 2978 mediam
1389 2918 1531 2978 vocalem

414 3019 538 3099 liquida
560 3035 737 3080 consonans
763 3015 797 3088 (l,
822 3015 851 3094 rl
878 3020 927 3078 vel
950 3018 1070 3102 nasalis
1092 3015 1149 3094 (m,
1176 3022 1207 3096 nl
1229 3019 1381 3100 sequitur.
1405 3022 1446 3082 At
1460 3029 1533 3082 ante

414 3126 494 3188 alias
515 3143 639 3204 quoque
657 3136 867 3186 consonantes
882 3143 1055 3205 syncopam
1073 3121 1139 3186 lieri
1157 3145 1246 3204 posse
1260 3127 1404 3206 pluribus
1420 3145 1533 3188 exems.

416 3233 477 3314 plis
502 3234 752 3294 demonstratur:
774 3233 901 3311 surpuit
928 3233 1047 3305 Plaut,
1072 3232 1184 3312 Cupi..
1201 3233 1272 3307 760,
1290 3251 1345 3312 pro
1361 3231 1530 3312 surripuit,

413 3338 542 3418 porpite
574 3337 672 3416 Virg,
701 3338 795 3411 AEn.,
814 3340 918 3408 Vlll,
946 3339 1016 3412 274,
1036 3357 1090 3418 pro
1109 3338 1278 3418 porripite
1304 3344 1383 3400 cette
1410 3341 1534 3410 Plaut,

414 3442 546 3524 possim,
565 3461 621 3524 pro
643 3440 796 3516 *cc-dote,
822 3441 989 3520 fripdcrio
1007 3442 1149 3504 Lucilius
1164 3445 1249 3524 apud
1266 3442 1467 3505 Priscianum
1489 3445 1531 3518 X,

415 3549 756 3630 910,prosripidcrio,
772 3549 856 3611 orda
872 3552 942 3624 C.l.
953 3553 1035 3623 L.,l,
1052 3551 1122 3619 597,
1142 3570 1197 3630 pro
1212 3551 1320 3628 arida,
1338 3553 1456 3613 ardum
1472 3556 1534 3614 Lu·

417 3657 521 3724 cilina,
543 3657 586 3727 fr.
600 3655 672 3732 547,
683 3655 822 3732 itemque
838 3653 990 3733 probabili
1004 3655 1185 3732 conjectura
1196 3653 1296 3715 ardus
1307 3655 1426 3726 Plaut,
1438 3655 1532 3722 Aul„

417 3764 486 3824 297.
505 3763 621 3824 Confer
633 3764 794 3834 Gorssen,
813 3762 873 3822 loe.
891 3781 918 3822 s.
935 3781 975 3835 s.,
995 3763 1145 3835 Skutsch,
1163 3780 1196 3841 p.
1214 3762 1255 3824 40
1267 3781 1331 3840 seq.

458 3869 650 3934 Skutschins
677 3880 783 3932 autem
805 3869 1039 3931 demonstravit
1052 3869 1086 3930 in
1101 3870 1293 3948 quibusdam
1308 3868 1441 3930 vocibus
1457 3885 1532 3946 qua·

417 3977 543 4036 lessunt
556 3972 640 4045 inde,
651 3974 743 4048 unde,
757 3973 883 4054 qnippe,
894 3969 1000 4050 finalis
1015 3974 1134 4036 vocalis
1148 3993 1320 4054 syncopam
1331 3975 1425 4053 (quae
1439 3975 1535 4052 vulgo

418 4083 542 4152 ἀποκοπή
572 4080 715 4156 vocatur)
740 4091 812 4142 ante
846 4092 1076 4143 consonantem
1099 4083 1216 4143 iactam
1241 4100 1322 4150 esse,
1348 4083 1480 4158 nedum,
1499 4091 1537 4142 ut

419 4183 560 4264 plerique
580 4196 671 4245 antea
696 4183 859 4262 putabant,
875 4183 990 4245 talium
1005 4202 1120 4244 vocum
1135 4183 1221 4264 prior
1235 4184 1358 4262 syllaba
1374 4201 1428 4262 pro
1447 4183 1533 4243 brevi

419 4296 594 4356 haberetur.
617 4297 703 4356 Nam
723 4313 798 4354 cum
817 4307 889 4355 ante
912 4295 1054 4356 vocalem
1071 4295 1188 4374 positae
1202 4313 1362 4372 nusquam
1376 4313 1474 4358 unam
1487 4311 1534 4355 sc-

418 4407 486 4466 lum
502 4424 634 4473 moram,
658 4405 713 4466 sed
737 4405 818 4464 duas
838 4403 953 4482 ubique
963 4403 1111 4474 efficiant,
1124 4405 1198 4467 inde
1215 4403 1392 4466 necessario
1407 4405 1535 4464 conclu-

420 4509 514 4584 ditur,
526 4507 580 4570 ubi
595 4517 666 4568 ante
679 4515 905 4568 consonantem
918 4507 1122 4586 positacduas
1133 4526 1258 4586 quoque
1269 4525 1375 4568 moras
1386 4503 1534 4575 efficiant,

419 4617 463 4678 ibi
485 4635 547 4680 non
570 4618 696 4678 brevem
720 4634 788 4676 csse
815 4615 951 4695 priorem
978 4618 1145 4696 syllabam,
1173 4619 1228 4679 scd
1249 4613 1378 4679 linalcm
1394 4616 1536 4678 vocalem

420 4726 505 4790 sicut
520 4723 554 4786 in
580 4745 629 4799 ac,
647 4745 714 4799 nec,
732 4743 791 4785 neu
806 4725 962 4805 supprimi
977 4727 1026 4788 vel
1043 4728 1155 4788 saltem
1170 4726 1248 4790 adeo
1265 4723 1415 4801 imminui
1434 4735 1468 4788 ut
1482 4723 1536 4788 vix
