3542 5624
402 654 423 716 6
691 651 696 662 '
748 673 789 715 nn
810 670 978 714 murinis
1000 671 1200 714 nunennsrrs

323 814 402 878 1195
424 816 535 893 Neque
549 814 577 876 si
590 813 652 876 hdo
671 814 764 879 hodie
784 813 931 876 amiseris
952 824 1022 895 post
1042 815 1076 876 in
1098 826 1198 879 morte
1216 815 1254 878 id
1274 827 1462 881 eventurum
1476 837 1547 884 esse

1356 928 1547 1007 [umquamt

424 1033 508 1103 Quid
533 1031 616 1112 ago?
644 1033 729 1102 Quid
751 1051 839 1112 agas,
865 1029 980 1112 rogites
1002 1034 1121 1094 etiam-t
1144 1034 1245 1096 Lubet
1265 1031 1295 1094 dt
1319 1043 1436 1096 metuo.
1459 1034 1546 1106 Quid

1393 1141 1547 1216 [metuist

421 1249 475 1312 Ne¹
496 1249 653 1312 obndxius
681 1246 748 1311 filio
776 1249 838 1310 sim
864 1249 894 1310 et
918 1267 1022 1312 servo.
1053 1251 1119 1312 Mel
1145 1249 1263 1323 meum,
1294 1251 1416 1326 amabo,
1449 1251 1546 1315 istaee

1312 1423 1315 1428 .
1393 1361 1499 1436 [fiunt.
1518 1360 1534 1441 ΙΙ

569 1463 632 1514 1198
648 1477 664 1513 a
789 1463 862 1513 Tuos
873 1465 931 1514 est:
948 1464 1021 1513 unde
1035 1463 1115 1514 illum
1132 1467 1230 1514 nenses

649 1555 666 1603 b
761 1554 887 1612 Sumere,
904 1553 957 1602 nisi
968 1554 1042 1617 quod
1058 1561 1086 1604 tu
1102 1553 1142 1603 illi
1156 1555 1279 1605 dederis?
1290 1556 1300 1618 ΙΙ

416 1645 496 1696 Hane
510 1645 621 1696 veniam
637 1645 692 1694 illis
705 1644 765 1694 sine
781 1649 808 1694 te
820 1647 941 1694 exorem.
961 1644 994 1693 Ut
1009 1645 1143 1695 terebret:
1159 1647 1229 1694 satin
1242 1645 1406 1696 offirmdtum
1418 1646 1428 1708 ΙΙ

432 1735 436 1740 “
785 1734 863 1792 Quod
878 1735 946 1784 mibi
962 1741 1029 1794 eret,
1042 1736 1070 1785 id
1085 1750 1129 1786 me
1144 1737 1259 1788 exorat?

323 1886 399 1952 1201
422 1888 492 1948 Tua
507 1903 579 1946 sum
593 1883 688 1965 opera
711 1893 742 1947 et
763 1893 886 1966 propter
910 1895 938 1945 te
959 1881 1142 1962 improbior.
1159 1885 1210 1945 Ne
1225 1882 1264 1945 tis
1278 1902 1377 1963 quam
1392 1902 1463 1945 mea
1478 1903 1547 1945 ma-

1404 1992 1544 2066 [vellem.

425 2101 515 2164 Satin
540 2105 597 2180 ego
621 2101 703 2163 istuc
725 2101 825 2162 habeo
845 2098 1065 2162 offirmatum?
1089 2101 1181 2170 Quod
1204 2099 1301 2160 se'mel
1323 2097 1402 2166 dixi,
1417 2095 1432 2176 11
1456 2095 1545 2160 haud

1387 2206 1541 2282 [mutdbo.

740 2310 743 2319 '
775 2316 799 2364 lt
814 2315 887 2365 dies:
901 2316 939 2366 ite
952 2317 1023 2366 intro
1040 2316 1208 2367 accubitum.
1224 2317 1233 2378 Η

323 2463 402 2523 1204
425 2460 499 2523 Filii
514 2480 570 2523 vos
584 2458 765 2541 exspectent
779 2459 874 2522 intus.
893 2461 999 2530 Quam
1012 2461 1141 2541 quidem
1155 2469 1294 2524 actutum
1311 2460 1528 2525 emoriemur?

423 2569 542 2646 Vesper
570 2567 623 2628 hie
651 2577 717 2628 est:
748 2565 934 2644 sequimini.
970 2567 1082 2628 Ducite
1107 2584 1165 2627 nos
1192 2585 1254 2644 quo
1282 2568 1544 2645 lubettamquam

1224 2677 1365 2756 [quidem
1386 2677 1542 2741 addictos.

426 2786 543 2866 Lepide
558 2786 619 2866 ipsi
635 2787 667 2847 hi
683 2797 757 2848 sunt
772 2785 864 2866 eapti,
883 2786 950 2850 suis
964 2789 1019 2866 qui
1037 2785 1112 2850 filiis
1127 2793 1226 2852 iecere
1241 2789 1386 2852 insidias.

566 2979 702 3048 cisni,
719 2979 863 3041 ear-238.
906 2934 918 2958 ⁶

389 3174 391 3179 -
451 3140 529 3190 Unde
543 3139 598 3198 hio,
612 3140 720 3198 amabo,
736 3141 879 3202 unguenta
893 3139 989 3190 olenti
1004 3140 1046 3191 Oh
1062 3141 1137 3204 perii.
1150 3142 1160 3204 11

324 3298 381 3358 237
425 3292 607 3358 Manufdsto
622 3291 718 3354 miser
733 3287 848 3353 tenedr.
870 3289 967 3350 Cesso
983 3296 1079 3369 eaput
1093 3283 1189 3365 pullio
1205 3286 1364 3366 detergere
1377 3291 1389 3344 t
1401 3284 1416 3366 ΙΙ

428 3407 471 3468 Ut
490 3410 520 3468 te
545 3405 646 3466 bonus
672 3399 852 3464 Mercurius
877 3401 994 3479 perdat,
1018 3397 1195 3480 myropdla‚
1212 3399 1288 3478 quia
1302 3400 1380 3462 haee
1395 3399 1476 3462 mihi
1493 3400 1549 3463 de·

1402 3509 1503 3584 [disti.
1523 3508 1537 3589 ΙΙ

390 3646 446 3696 Eho
461 3645 500 3703 td,
518 3644 604 3704 nihili,
619 3644 688 3694 eund
702 3642 803 3694 culex:
820 3642 866 3692 vix
882 3642 985 3702 teneor,
1001 3640 1068 3704 quin
1084 3652 1154 3702 quae
1168 3640 1268 3692 decent
1283 3642 1309 3688 te
1324 3639 1424 3690 dicam.

450 3845 520 3896 1195.
536 3845 570 3894 Id
583 3844 638 3896 del.
660 3843 810 3909 Ussingius,
831 3842 952 3894 Vossius.
975 3841 1008 3891 ld
1017 3845 1081 3908 post
1096 3845 1213 3890 mortem
1227 3841 1334 3892 Ritseh.

450 3919 520 3969 1201.
538 3916 630 3967 Notis
643 3916 839 3972 Schneiderus
855 3915 943 3971 Voss,
955 3914 1018 3966 Gz..
1035 3929 1068 3962 ne
1081 3913 1105 3962 is
1120 3913 1193 3973 libri,
1209 3927 1242 3962 ne
1253 3917 1302 3962 tua
1314 3915 1419 3981 Speng.

449 3990 521 4041 1202.
542 3993 566 4038 Α
590 3989 758 4042 diascevasta
779 3987 903 4038 additum
926 4000 986 4036 esse
1008 3992 1084 4048 putat
1105 3985 1241 4044 Goetziu5‚
1262 3999 1374 4036 versum
1395 3993 1497 4039 tutatus
1509 3995 1550 4041 est

417 4062 543 4112 Klotzius
557 4073 648 4122 neque
662 4059 956 4110 Goetzius-Sehoellius
970 4057 1153 4108 incluserunt.

448 4134 517 4183 1204.
531 4131 724 4197 septenarium
740 4132 936 4194 discripserunt
958 4129 1132 4190 RitseheliuS,
1149 4129 1271 4186 Vossius,
1287 4129 1462 4194 Spengelius.
1481 4133 1549 4182 Goe-

418 4205 495 4264 tzius
516 4203 821 4265 Goetzius-Sehoellius,
848 4204 917 4252 duos
929 4203 1067 4266 [dimetros
1096 4201 1256 4252 acatalectos
1276 4201 1409 4264 Klotzius‚
1437 4202 1549 4268 quidem

418 4291 483 4328 eum
501 4276 576 4326 hiatu
590 4276 715 4326 metiens.

450 4349 522 4400 1206.
541 4346 667 4396 Insidias
682 4347 712 4405 F,
728 4345 851 4396 insidias
868 4346 904 4396 ite
920 4347 999 4397 BCD.
1198 4383 1202 4390 .

450 4420 510 4470 Cas.
522 4419 567 4470 237
577 4433 622 4469 an.
630 4419 813 4481 septenarium
825 4418 846 4468 B
857 4418 927 4468 duee
941 4418 1141 4469 constituerunt
1156 4416 1318 4480 Schoellius
1330 4417 1455 4468 Klotzius
1466 4421 1547 4480 (Anu.

419 4493 485 4556 phil.
507 4505 534 4541 a.
554 4493 633 4554 1891).
652 4491 961 4550 Goetzius·Schoellius‚
975 4491 1094 4553 itemque
1109 4504 1138 4540 v.
1157 4491 1203 4540 238
1219 4488 1385 4548 Schoellius,
1406 4489 1548 4543 Goetzius·

420 4564 585 4615 Sehoellius.
608 4562 784 4627 Spengelius,
805 4563 937 4625 Reform„
958 4577 984 4625 p.
1005 4562 1060 4624 356,
1077 4563 1237 4626 manufesto
1256 4561 1341 4611 miser
1357 4561 1451 4613 inflne
1467 4579 1492 4614 v.
1504 4565 1550 4614 236

419 4635 535 4686 collocat
558 4645 585 4686 er
610 4635 678 4685 duas
702 4634 851 4685 trochaicae
875 4633 1004 4697 tripudias
1033 4637 1085 4687 eet.
1114 4635 1448 4698 dispescit.<sorl>ante
1474 4649 1550 4685 cesso

419 4707 522 4756 addens
543 4712 570 4758 et
590 4706 729 4770 deterpdre
748 4707 873 4756 metiens.
900 4706 932 4754 V.
955 4706 1001 4755 238
1025 4707 1108 4756 troeh.
1126 4708 1296 4758 octonarium
1309 4710 1414 4761 iaciunt
1435 4709 1548 4773 Speng„

420 4778 488 4840 urst,
506 4792 529 4840 p.
548 4779 602 4840 139,
619 4777 754 4828 Klotzius.
