3450 5630
626 658 666 699 na
688 659 729 700 an
751 661 891 706 uermes
936 639 939 646 '

317 855 347 912 4.
368 851 396 911 Τ
394 852 524 913 rimeter
540 836 610 914 cum
626 876 677 917 an.
691 833 833 938 tripodia
850 863 1036 924 catalectico
1048 865 1199 944 junpitur

238 1011 319 1072 Vide
335 1031 444 1092 supra,
468 1031 498 1092 p.
516 1013 587 1074 253.

397 1197 426 1255 5.
457 1195 615 1257 Trimeter
634 1185 798 1261 cum'atiis
814 1203 955 1263 numeris
966 1203 1118 1284 scopitur

239 1365 357 1426 Bacch.
382 1365 439 1428 631
468 1364 604 1428 trimeter
624 1366 797 1430 iambicum
818 1372 1017 1434 octonarium
1041 1373 1208 1436 antecedit.
1235 1374 1317 1451 Vide

200 1489 307 1551 supra.

239 1580 327 1638 Pers.
353 1577 412 1637 774
439 1596 490 1638 an.
518 1577 656 1640 trimeter
676 1579 850 1640 iambicum
872 1581 1043 1644 dimetrum
1067 1583 1219 1662 sequitur,
1237 1583 1318 1644 sicut

200 1687 286 1746 Pers.
311 1687 369 1748 777
385 1707 438 1747 an.
465 1685 644 1748 trimetrum
669 1689 886 1750 catalecticum
912 1689 1068 1752 iambicus
1083 1690 1215 1754 dimeter
1229 1704 1316 1754 ante-

198 1793 289 1854 cedit.
305 1792 386 1854 Vide
401 1812 507 1873 supra,
534 1813 562 1872 p.
579 1795 648 1856 238.
667 1797 692 1856 Β
708 1814 771 1856 uno
784 1815 878 1858 versu
896 1797 992 1858 iamb.
1011 1797 1181 1860 dimetrum
1198 1798 1268 1877 (773
1285 1798 1315 1878 b)

198 1910 228 1962 et
241 1919 292 1961 an.
311 1899 491 1962 trimetrum
512 1901 759 1982 comprehendit.

239 2007 324 2066 Inter
344 2005 473 2065 creticos
490 2015 684 2068 tetrametros
701 2007 872 2070 collocatur
892 2025 944 2069 an.
961 2007 1099 2069 trimeter
1115 2009 1231 2071 Pseud.
1244 2010 1315 2079 931,

196 2111 247 2173 cui
263 2111 297 2173 in
312 2114 456 2186 clausula
469 2116 636 2192 respondet
651 2131 704 2175 an.
721 2114 857 2193 tripodia
872 2116 1053 2178 catalectica
1069 2136 1100 2178 v.
1113 2117 1173 2178 935
1191 2119 1219 2178 b.

238 2223 317 2281 ltem
343 2220 432 2282 Asin.
461 2222 519 2284 133
543 2240 595 2283 an.
620 2221 759 2284 trimeter
782 2221 862 2283 inter
881 2222 1009 2284 creticos
1025 2233 1220 2286 tetrametros
1235 2224 1316 2286 inse-

199 2325 289 2389 ritur.
309 2327 363 2390 Sic
377 2327 463 2389 enim
477 2329 546 2406 iure
558 2329 747 2409 Spengelius
763 2329 932 2407 discripsit.

364 2513 378 2590 ἒ
395 2517 443 2576 15.
460 2549 499 2559 —
514 2516 564 2576 De
578 2517 782 2596 einputorum
796 2519 1148 2599 trimetrorumsormis

234 2679 386 2741 Trimeter
410 2679 442 2740 in
472 2680 552 2743 duas
576 2680 727 2760 tripudias
747 2681 870 2774 ¹ubique
890 2683 1053 2754 dividitur,
1078 2703 1135 2746 nec
1151 2686 1315 2770 ullumycst

151 2761 155 2776 ¹
195 2787 377 2864 exemplum
393 2787 446 2848 ubi
463 2807 594 2850 caesura
616 2797 684 2868 post
698 2789 822 2852 tertiam
836 2809 938 2852 orsem
950 2791 1040 2854 desit.

194 2995 211 3077 ξ
241 3000 289 3060 16.
326 3031 358 3040 -
398 3001 448 3061 De
475 2997 679 3078 singulorum
710 3000 933 3061 trimetrorum
960 2998 1223 3061 catalecticorum
1255 3019 1313 3058 usa

248 3165 276 3223 1.
295 3163 454 3224 Trimetcr
470 3163 675 3224 catalecticus
687 3163 869 3222 trimetrum
884 3161 1029 3243 sequitur
1044 3161 1089 3220 oet
1102 3161 1261 3221 antecedit

235 3324 315 3386 Vide
332 3342 437 3404 supra,
455 3345 487 3406 p.
512 3326 582 3387 258.
597 3359 602 3370 ·

293 3523 322 3582 2.
346 3520 503 3582 Trimcter
518 3518 722 3580 catalecticus
738 3539 809 3578 cum
819 3517 894 3578 aliis
910 3516 1050 3577 numeris
1058 3515 1213 3595 jungitur

239 3687 312 3746 Aul.
330 3682 388 3743 133
404 3698 465 3740 non
482 3677 670 3769 bacchiacus
685 3683 858 3737 tetrameter
869 3674 989 3736 sicutv.
1009 3674 1141 3734 tao-132
1152 3682 1182 3734 et
1197 3693 1226 3734 v.
1240 3675 1308 3763 134.

186 3791 250 3854 'sed
273 3807 325 3850 an.
352 3785 493 3846 trimeter
515 3781 717 3844 catalecticus
743 3798 811 3840 csse
834 3779 968 3846 videtur,
995 3777 1138 3856 quicum
1161 3778 1311 3840 ultimum

193 3895 312 3977 periodi
338 3912 466 3958 versum
494 3892 667 3963 antecedat,
695 3887 814 3980 periodi
837 3883 933 3948 finem
959 3885 1168 3965 praenuntiat.
1194 3887 1310 3948 Confer

195 4001 299 4074 Klotz,
326 3997 482 4070 Grande„
509 4012 539 4073 p.
567 3994 627 4054 479
646 4011 709 4071 seq.
736 3993 774 4052 V.
794 3991 849 4052 133
869 3989 953 4050 enim
967 4008 1020 4050 an.
1035 3989 1213 4051 trimetrum
1229 4001 1310 4051 cata·

190 4108 339 4170 lecticam
352 4107 436 4185 jure,
448 4103 572 4166 munita
586 4102 738 4162 librorum
749 4099 911 4166 memoria,
929 4097 1091 4178 discripsit
1106 4099 1307 4178 Spengelius.

192 4218 231 4278 V.
258 4217 315 4276 131
342 4214 454 4276 et13‘2
482 4221 590 4272 contra
618 4208 746 4271 Goetzio
772 4207 958 4284 Klotzioque
985 4207 1118 4267 ducibus
1149 4206 1309 4268 bacchiaoi

193 4325 362 4387 tetrametri
387 4323 491 4403 potius
511 4313 722 4383 constituendi
748 4317 894 4378 videntur
916 4335 1013 4393 quam
1036 4316 1205 4394 Spengclio
1231 4317 1311 4376 duce

191 4451 243 4496 an.
261 4421 394 4492 trimetri
419 4427 604 4490 catalectici.
632 4426 719 4487 Nam
745 4423 781 4487 v.
802 4425 859 4484 131
883 4442 924 4484 an
951 4423 1089 4484 trimeter
1108 4424 1310 4485 catalecticus

191 4545 297 4623 qualis
320 4564 338 4605 a
357 4541 531 4623 Spengelio
547 4537 747 4601 constituitur
761 4533 905 4613 legitima
918 4551 1052 4594 caesura
1066 4543 1149 4592 caret
1161 4544 1190 4593 et
1203 4551 1233 4591 v.
1252 4533 1310 4592 132

191 4651 364 4714 mutatione
384 4667 448 4710 non
474 4646 652 4709 necessaria
675 4664 727 4706 an.
751 4641 931 4704 trimetrum
957 4649 1017 4701 cat.
1046 4638 1183 4702 restituit
1208 4640 1309 4720 Spen-

191 4762 306 4839 goliae.
