3450 5630
596 705 637 748 nn
658 705 699 748 aa
720 705 863 750 narnien
1228 688 1286 750 251

266 899 297 958 4.
314 891 458 979 Dipudr'a
473 913 544 956 cum
556 914 609 958 un.
622 894 789 958 octonario
805 895 852 956 uel
866 893 1046 975 septenario
1057 893 1211 976 scopitur

219 1049 337 1114 Bacch.
354 1048 414 1112 616
435 1050 454 1111 b
475 1068 528 1112 an.
560 1048 690 1130 dipodiu
706 1049 881 1128 separanda
905 1045 1038 1112 videtur.
1057 1048 1143 1112 Nam
1169 1069 1205 1110 v.
1232 1048 1292 1111 615

177 1161 204 1221 B
220 1161 300 1223 duce
314 1159 510 1222 trochaicum
523 1159 737 1239 septenarium
754 1159 945 1221 constituere
960 1161 1049 1224 decet
1073 1176 1175 1236 neque
1198 1157 1292 1238 quid-

175 1245 271 1346 quam
285 1267 455 1328 delendum
474 1275 531 1328 est.
558 1265 640 1326 Tum
668 1284 699 1326 v.
722 1265 783 1328 616
797 1283 825 1339 3,
856 1281 1039 1350 quanquam
1075 1263 1292 1344 paroemiacus

102 1436 104 1442 ,
174 1394 241 1438 esse
270 1386 382 1458 potest,
409 1375 514 1454 potius
557 1374 711 1438 iambicus
739 1375 872 1437 dimeter
899 1373 1096 1440 catalecticus
1126 1382 1184 1448 est,
1210 1391 1293 1452 quau

174 1485 321 1547 clausula
334 1493 404 1562 post
425 1483 600 1546 trochaicus
611 1483 730 1564 optime
745 1481 903 1545 convenit.
928 1481 1001 1544 Alia
1021 1489 1128 1544 autem
1144 1480 1292 1562 periodus
1357 1503 1358 1510 ¹

174 1605 248 1652 oum
261 1605 293 1650 v.
304 1585 366 1650 616
379 1588 396 1648 b
410 1585 535 1668 incipit,
551 1605 647 1666 quem
665 1604 719 1649 un.
746 1587 926 1650 octonarius
941 1585 1095 1666 sequitur,
1125 1596 1195 1648 tum
1223 1588 1291 1650 bau-

174 1693 276 1761 3111331
290 1693 470 1774 cretiuique.

143 1813 146 1820 ’
210 1799 329 1860 Pseud.
345 1799 424 1860 1122
451 1815 504 1860 un.
537 1797 701 1880 dipodium
724 1801 754 1861 A
780 1801 860 1864 duco
875 1797 1103 1880 discripserunt
1125 1798 1291 1862 Guetzius-

175 1909 364 1979 Schoellius‚
388 1927 469 1988 quae
497 1927 549 1970 an.
580 1907 796 1988 septenarium
821 1909 964 1990 sequitur
989 1919 1019 1972 et
1045 1910 1086 1972 ad
1115 1909 1292 1972 trochaicus

174 2018 419 2098 bacchiuoosque
440 2019 608 2082 transitum
621 2019 707 2080 lacit.

461 2221 479 2302 ἓ
493 2222 541 2286 10.
572 2257 610 2265 -
626 2224 675 2284 De
690 2223 828 2306 singulis
852 2222 1004 2306 tripudiis

291 2387 321 2444 1.
343 2383 498 2463 Tripodiu
511 2404 582 2445 cum
597 2403 649 2446 on.
663 2383 806 2466 tripudia
820 2385 1008 2446 catalectico
1017 2383 1173 2464 jungitur

213 2578 287 2638 Cas,
305 2575 364 2638 163
378 2577 398 2638 b
419 2593 471 2638 an.
489 2573 658 2654 tripodium
674 2575 756 2638 duae
771 2573 925 2656 tripediae
940 2575 1139 2638 catalecticus
1154 2593 1292 2654 sequun-

173 2697 232 2762 tur,
264 2687 346 2748 sicut
365 2689 459 2768 paulu
483 2696 555 2748 ante
571 2704 624 2748 un.
649 2685 802 2768 tripudias
831 2689 911 2749 duas
924 2683 967 2764 (v,
985 2684 1136 2764 161-1621
1153 2685 1294 2764 sequitur

172 2795 305 2876 tripudia
319 2795 508 2858 catalectiou.
526 2795 608 2856 Vide
623 2813 731 2876 supra,
747 2814 778 2874 p.
794 2795 865 2867 132,
884 2796 954 2857 133.

212 2906 286 2967 Cas.
301 2906 361 2966 752
374 2891 545 2986 tripodia'm
562 2905 680 2968 Aduce
691 2903 920 2983 discripserunt
930 2904 1288 2978 Guetzius·Suhoellius‚

171 3032 267 3092 quam
295 3012 437 3093 quinque
459 3011 609 3091 tripodiue
630 3013 829 3075 catalecticue
850 3021 1035 3090 sequuntur.
1066 3014 1150 3072 Tum
1177 3012 1291 3075 iterum

170 3139 199 3179 v.
216 3118 277 3179 756
296 3138 315 3180 a
338 3115 473 3196 tripudia
496 3115 648 3194 tripudias
664 3115 861 3180 catalecticus
876 3114 1193 3194 quinqueuntecedit.
1214 3114 1293 3178 Vide

170 3244 277 3307 supra,
299 3227 415 3304 p.133.

213 3337 337 3396 Rursus
375 3335 448 3394 Cas.
472 3333 532 3396 954
564 3331 701 3412 tripudia
726 3332 880 3413 tripudias
915 3334 1115 3396 catalecticus
1145 3343 1293 3412 quattuor

169 3443 259 3522 sequi
274 3443 410 3516 videtur,
433 3443 602 3522 dequibus
617 3445 722 3504 confer
737 3463 842 3523 supra.
860 3464 890 3524 p.
909 3446 979 3506 134,

211 3554 296 3614 Rud.
312 3551 410 3614 9253
432 3569 484 3612 an.
503 3549 683 3628 tripodium,
711 3571 740 3610 v.
757 3551 851 3614 9251)
870 3570 922 3612 un.
952 3552 1124 3632 tripodium
1151 3555 1284 3616 catalec-

169 3655 276 3734 ticum,
290 3669 359 3721 tum
374 3679 405 3719 v.
425 3659 486 3721 926
507 3677 571 3737 seq.
595 3677 647 3720 an.
669 3657 845 3720 octonarius
874 3658 966 3734 facio,
998 3678 1061 3737 qua
1088 3659 1292 3739 discriptione

168 3765 282 3828 tradita
295 3763 390 3825 verba
400 3773 564 3824 servantur
583 3761 713 3842 integra.
728 3764 765 3823 ln
779 3763 805 3822 B
822 3762 905 3840 prior
920 3763 1098 3826 versiculus
1115 3773 1290 3842 separatur,

169 3869 258 3932 alteri
283 3869 425 3932 adhaesit
446 3866 574 3930 initium
590 3867 749 3948 sequentis
765 3887 876 3930 versus
894 3869 948 3946 qui
972 3869 1094 3948 longior
1111 3879 1168 3932 est.

209 3976 304 4034 Truc.
321 3973 380 4032 102
395 3990 460 4048 seq.
478 3971 566 4032 nulla
580 3969 643 4031 aliu
670 3969 831 4049 discriptio
847 3972 1040 4053 probabilior
1052 3973 1176 4036 videtur
1192 3994 1289 4053 quam

170 4076 196 4138 si
212 4065 263 4138 an.
280 4073 416 4155 tripudia
438 4072 482 4151 (v,
507 4071 587 4152 102),
606 4083 675 4135 tum
689 4094 741 4136 an.
760 4074 895 4154 tripudia
909 4079 1091 4140 catalectico
1107 4075 1117 4156 l
1123 4097 1151 4142 v.
1174 4081 1232 4144 103
1248 4082 1290 4157 a),

169 4180 305 4260 denique
319 4199 369 4242 an.
386 4181 518 4242 dimeter
541 4179 583 4259 (v.
597 4182 653 4242 103
671 4177 701 4252 bl
713 4191 909 4259 separantur.
928 4183 997 4244 Neu
1021 4185 1105 4246 male
1125 4203 1177 4246 un.
1195 4184 1288 4264 tripo-

170 4286 223 4348 dia
251 4296 281 4347 et
294 4283 429 4366 tripudia
444 4285 594 4346 catalecta
620 4293 689 4365 pust
716 4301 768 4344 un.
799 4284 958 4346 trimetros
984 4281 1027 4360 (v.
1054 4285 1103 4356 96,
1131 4286 1237 4364 tra-99)
1263 4297 1294 4349 31

170 4389 328 4451 trimetros
353 4387 552 4450 catalecticos
581 4387 624 4466 (r.
653 4388 704 4462 95,
734 4387 800 4464 97,)
829 4399 859 4450 31
879 4387 1049 4470 tripudium
1077 4391 1291 4452 catalecticum

173 4492 215 4570 (v.
227 4491 295 4572 100)
310 4495 349 4556 ad
365 4495 528 4556 metricam
540 4495 784 4556 concinnitatem
794 4493 996 4555 conveniunt.
1015 4497 1053 4556 ln
1067 4497 1133 4558 Bv.
1147 4496 1290 4560 1023331

173 4598 332 4680 superiore
350 4619 440 4661 versu
458 4599 526 4678 (101
546 4599 587 4676 b),
600 4599 654 4678 qui
671 4599 800 4676 quidem
824 4599 979 4661 iambicus
993 4599 1124 4662 dimeter
1152 4603 1287 4664 catalec-

168 4701 252 4766 ticus
268 4714 324 4778 est,
341 4703 543 4782 conjungitur
556 4714 586 4765 31
614 4723 644 4764 ν.
662 4704 720 4765 103
734 4708 763 4762 3’
777 4721 892 4765 oumv.
910 4705 968 4766 103
995 4706 1012 4765 b
1029 4723 1090 4767 uno
1107 4723 1200 4767 versu
1216 4707 1292 4768 scri·

174 4812 270 4874 bitur.
