3450 5630
475 674 533 736 228
808 697 848 740 nn
869 699 1039 744 susurrum
1060 701 1257 744 nnaeaasrrs

517 843 553 902 ln
568 840 649 901 thesi
665 848 766 902 sexta:
783 861 840 920 epo
855 841 978 904 essurio
992 844 1065 906 Cas.
1080 845 1139 906 725
1153 842 1269 924 (septi.
1294 889 1296 894 -

516 953 554 1014 ln
567 951 630 1012 arsi
646 963 749 1014 sexta:
766 951 837 1014 loca
859 957 954 1036 atque
968 955 1058 1018 Rud.
1076 955 1134 1016 227
1150 951 1247 1030 (011).
1464 1005 1468 1012 .

516 1065 553 1122 ln
570 1061 650 1124 thesi
666 1062 801 1142 septima
818 1086 824 1124 :
847 1062 929 1124 dabo
946 1063 1082 1125 insidias
1099 1065 1214 1126 Pseud.
1231 1065 1302 1127 593.
1319 1063 1378 1126 594
1394 1063 1511 1144 (sept).

516 1197 555 1258 Κ.
587 1199 657 1258 Vox
686 1197 855 1274 disyllaba,
886 1198 977 1274 cujus
1001 1195 1089 1274 prior
1117 1197 1240 1276 syllaba
1266 1194 1369 1258 brevis
1384 1206 1430 1258 est
1445 1207 1475 1257 et
1493 1199 1585 1258 altera

475 1305 703 1385 synaloepham
733 1303 860 1383 petituri
891 1303 1088 1381 insequentis
1129 1303 1342 1384 polysyllabae
1370 1302 1584 1382 principialem

436 1389 438 1396 ,
474 1416 628 1494 syllabam
647 1423 759 1475 natura
773 1415 903 1493 longam
918 1413 1059 1476 breviat:

496 1515 497 1520 ἵ
514 1540 551 1599 ln
566 1537 629 1600 arsi
643 1535 763 1616 prima:
782 1534 909 1616 quidem
920 1534 1062 1596 emoriar
1076 1536 1152 1596 Aul.
1167 1531 1361 1612 reatuin).

516 1647 554 1707 ln
569 1645 673 1726 prima
696 1644 799 1724 operis
825 1654 911 1722 parte
938 1644 1079 1706 vidimus
1095 1645 1252 1722 syllabam
1277 1655 1391 1708 natura
1413 1646 1543 1735 longam
1556 1644 1586 1706 in

475 1772 590 1815 vocum
614 1753 699 1814 exitu
724 1753 818 1814 modo
842 1751 956 1830 corripi
980 1771 1081 1832 posse,
1099 1751 1152 1814 sed
1175 1751 1262 1832 prius
1286 1752 1477 1832 compositae
1504 1745 1586 1816 vocis

475 1859 654 1920 membrum
670 1857 779 1920 eodem
795 1859 889 1919 modo
902 1856 1071 1935 aliquoties
1089 1857 1215 1920 tractari
1232 1876 1295 1937 quo
1310 1869 1472 1938 separatae
1484 1876 1584 1922 voces.

475 1964 558 2024 Cum
575 1962 801 2043 abi-quomque
815 1963 1042 2025 conferendum
1058 1972 1104 2025 est
1117 1962 1245 2045 quidem
1266 1964 1438 2026 emoriar.

517 2073 687 2132 lnsumma
701 2090 738 2132 ex
753 2071 906 2150 exemplis
922 2073 974 2134 hio
989 2072 1128 2135 collectis
1144 2075 1269 2134 nullum
1281 2085 1329 2136 est
1342 2073 1419 2154 quin
1433 2093 1506 2138 cum
1518 2073 1585 2154 legi·

476 2181 534 2240 bus
550 2181 588 2241 de
613 2180 751 2242 iambica
786 2181 980 2260 correptione
1005 2199 1100 2262 supra
1115 2183 1266 2262 expositis
1282 2185 1459 2246 conveniat.
1488 2185 1586 2263 Atque

474 2288 566 2368 plura
581 2287 632 2348 hic
656 2307 780 2367 quoque
796 2299 871 2350 sunt
885 2289 916 2349 in
933 2289 1014 2350 thesi
1041 2309 1135 2368 quam
1151 2290 1184 2351 in
1210 2291 1293 2353 arsi:
1314 2310 1389 2352 nam
1405 2303 1532 2354 centum
1544 2290 1586 2351 vi-

477 2392 555 2473 ginti
568 2403 687 2474 septem
702 2395 734 2456 i'n
752 2395 842 2469 thesi,
861 2395 1018 2476 octoginta
1033 2397 1096 2459 duo
1111 2398 1144 2460 in
1155 2398 1221 2460 arsi
1235 2397 1428 2462 invenimus.

683 2625 701 2708 ἓ
715 2631 748 2691 2.
767 2661 805 2672 -
819 2630 868 2690 De
882 2627 1020 2709 syaisesi
1035 2630 1068 2689 in
1082 2628 1230 2690 iambicis
1248 2629 1375 2692 vocibus

518 2839 577 2901 His
593 2838 627 2900 in
650 2836 803 2916 exemplis
817 2835 971 2917 synizesis
987 2837 1162 2900 necessario
1178 2837 1345 2898 statuenda
1357 2836 1497 2898 videtur:
1510 2834 1586 2895 duas

371 2953 373 2962 ’
477 2950 573 3008 Poen.
594 2945 669 3005 1181
686 2944 719 3004 in
734 2941 819 3004 exitu
836 2941 1015 3020 septenarii,
1034 2947 1120 3004 taam
1139 2941 1227 3002 Pers
1239 2941 1329 3002 4941)
1343 2940 1375 3001 in
1390 2941 1476 3004 exitu
1495 2939 1585 3020 tripo-

476 3053 547 3115 diae
570 3049 778 3118 catalecticae,
796 3055 849 3109 tao
870 3049 943 3110 Cas.
961 3048 1019 3110 817
1049 3047 1083 3108 in
1110 3045 1196 3108 exitu
1226 3044 1364 3120 dimetri,
1392 3045 1443 3118 fai
1475 3044 1584 3105 Pseud.

477 3163 602 3226 1112111
628 3161 715 3222 exitu
740 3157 932 3240 paroemiaci
957 3155 1023 3237 (qui
1038 3156 1238 3236 paroemiaco
1253 3175 1283 3216 v.
1308 3154 1388 3215 1110
1402 3149 1583 3233 respondet),

365 3343 368 3348 ἱ
395 3261 401 3279 '
475 3267 542 3329 scio
559 3267 677 3328 Bacch.
703 3263 829 3336 1086jn
845 3279 977 3323 caesura
992 3259 1156 3328 octonarii,
1169 3259 1224 3321 aia
1238 3259 1325 3320 Pers.
1343 3257 1402 3319 491
1415 3257 1448 3318 in
1462 3273 1586 3318 caesura

476 3368 641 3444 octonarii,
660 3388 729 3430 cam
742 3369 829 3433 Pers.
844 3365 905 3426 779
920 3365 952 3427 in
969 3383 1102 3427 caesura
1116 3363 1282 3426 octonarii.
1300 3415 1302 3422 ,

516 3623 573 3706 §a
600 3657 639 3667 -
665 3624 715 3685 De
740 3620 857 3682 cretico
882 3639 944 3700 pro
971 3615 1176 3698 anapaestico
1198 3613 1548 3696 pedeaelpradaobus

850 3723 1061 3806 semipedibus
1078 3721 1183 3802 posito

516 3953 559 4009 A.
586 3945 711 4008 Cretica
741 3961 812 4016 vox,
843 3941 934 4018 cujus
965 3938 1077 4000 ultima
1101 3937 1226 4016 syllaba
1250 3933 1405 4014 positione
1429 3936 1582 4012 longeest,

476 4079 532 4142 pro
548 4067 694 4137 quattuor
708 4053 806 4115 moris
823 4047 966 4131 ponitur:

518 4194 556 4266 ln
586 4190 687 4268 primo
716 4187 822 4266 pede:
850 4183 988 4276 alteram
1016 4181 1135 4262 Bacch.
1166 4177 1276 4238 118411
1306 4171 1421 4254 (dim),
1441 4172 1585 4250 carausea

477 4301 594 4363 Pseud.
611 4297 702 4360 9501)
719 4294 808 4374 (trip.
829 4289 913 4370 cat).

516 4412 552 4470 In
569 4406 671 4486 primo
687 4403 889 4480 secundoque
916 4401 1010 4479 pede:
1037 4395 1196 4476 fripidam
1223 4395 1302 4458 Cist.
1334 4388 1583 4474 3511111111-

476 4513 576 4574 bilam
592 4508 671 4571 Cist.
689 4506 749 4568 210
766 4503 871 4586 (par).
1486 4589 1489 4594 Δ

516 4618 553 4676 ln
571 4613 708 4676 secundo
724 4611 817 4691 pede:
834 4611 981 4689 eapetaai
991 4609 1089 4669 Most.
1106 4607 1163 4670 861
1175 4603 1281 4688 (pani,
1299 4604 1385 4668 Trin.
1402 4605 1461 4667 272
1478 4595 1582 4680 (111111),

474 4721 659 4814 Paegnium
676 4717 831 4780 Pers-818
848 4714 952 4796 (par-l.

515 4837 552 4895 ln
574 4832 664 4894 tertio
681 4831 773 4911 pede:
792 4826 941 4910 iuppiter
965 4827 1062 4891 Poen.
1080 4821 1323 4906 1191111111),
1350 4821 1482 4906 opperit
1495 4823 1581 4884 Truc-
