3542 5624
438 666 478 728 68
767 685 808 729 na
829 687 996 729 rnnuruus
1019 685 1218 729 anscausus

440 820 593 884 iambicaa
616 821 821 900 correptionis
841 839 956 901 genera
980 823 1189 890 conteremus,
1207 821 1308 902 primo
1323 819 1504 882 notabimus
1523 821 1556 882 in

439 918 521 980 thesi
551 922 642 997 plura
670 939 794 1000 semper
806 938 902 999 quam
918 919 952 981 in
971 920 1035 981 arsi
1060 920 1206 998 exempla
1220 919 1368 981 inveniri.
1387 919 1556 1000 Perperam

440 1029 535 1107 igitur
552 1029 683 1108 quidam
701 1029 899 1110 grammatici
917 1029 999 1091 sicut
1015 1028 1159 1091 Klotzins
1171 1028 1344 1104 (Granda,
1358 1049 1392 1107 p.
1410 1027 1461 1104 65)
1484 1046 1556 1090 con·

440 1138 608 1198 tenderunt
626 1137 782 1199 iambicae
806 1136 1011 1218 correptionis
1040 1137 1216 1210 metricam,
1246 1155 1309 1198 non
1340 1137 1554 1214 prosodiacam

438 1263 506 1306 esse
526 1262 669 1315 causam,
692 1244 812 1307 scilicet
834 1264 896 1308 non
920 1246 990 1307 ideo
1016 1247 1141 1308 brevem
1159 1263 1233 1307 cum
1250 1244 1434 1322 insequenti
1461 1247 1556 1324 longa

439 1371 493 1430 pro
514 1353 640 1414 duabus
657 1353 803 1414 brevibus
826 1356 900 1433 poni
923 1355 1009 1432 quod
1024 1353 1222 1435 principialis
1237 1355 1406 1416 verborum
1429 1353 1554 1432 syllaba

437 1468 549 1522 natura
564 1461 659 1522 inerit
670 1461 804 1523 validior
818 1473 849 1522 et
862 1464 980 1544 majore
991 1480 1067 1523 voce
1083 1462 1279 1543 pronuntiari
1296 1461 1388 1524 solita
1423 1462 1474 1537 sit,
1500 1463 1555 1522 sed

437 1561 566 1640 qnodin
582 1581 673 1624 versu
689 1563 793 1624 brevis
813 1564 871 1624 sub
894 1564 959 1625 ictu
984 1563 1085 1642 posita
1109 1562 1287 1643 insequenti
1312 1563 1451 1625 validius
1467 1563 1552 1625 dicta

435 1667 488 1728 sit.
510 1668 595 1728 Nam
610 1667 636 1728 si
652 1669 694 1729 ita
709 1687 758 1730 res
778 1687 811 1731 se
835 1669 972 1732 haberet.
991 1668 1110 1728 mirum
1133 1679 1215 1728 esset
1236 1667 1347 1729 breves
1372 1667 1553 1728 breviantes

437 1776 564 1856 saepius
581 1777 614 1838 in
628 1777 708 1840 thesi
722 1797 821 1858 quam
839 1778 872 1839 in
890 1776 953 1838 arsi
969 1775 1133 1838 collocari.

477 1887 528 1948 Ad
551 1887 627 1947 haec
642 1884 934 1948 animadvertemus
958 1886 1113 1963 syllabam
1130 1883 1284 1964 positione
1296 1884 1424 1961 longam
1439 1881 1556 1945 sivein

438 1989 500 2054 line
515 1993 694 2064 vocissivc
709 1996 742 2057 in
757 1993 859 2065 initio,
885 1993 953 2058 sive
982 1991 1014 2054 in
1040 1993 1146 2054 media
1181 2011 1268 2065 voce,
1299 1992 1415 2070 pariter
1438 1992 1554 2072 corripi

440 2117 544 2178 posse,
565 2100 660 2161 ctiam
683 2099 710 2160 si
730 2101 789 2160 sub
812 2109 943 2161 accentu
968 2099 1174 2178 grammatico
1201 2097 1303 2176 posita
1331 2098 1381 2171 sit,
1412 2097 1496 2158 sicut
1514 2099 1547 2158 in

438 2203 767 2277 Achtlleatollntum,
779 2207 913 2273 ettalus,
930 2204 986 2264 scd
1002 2208 1103 2270 atuor:
1124 2215 1237 2264 natura
1251 2213 1360 2265 contra
1374 2204 1502 2281 longam
1518 2203 1554 2264 in

436 2313 604 2374 verborum
617 2308 679 2372 fine
691 2322 814 2374 tantum
826 2311 953 2390 corripi.
971 2312 1057 2373 Nam
1082 2309 1114 2370 in
1131 2311 1314 2393 compositis
1326 2312 1468 2388 vocibus,
1488 2314 1550 2385 uhi,

437 2420 578 2481 eaodem
609 2422 703 2482 modo
718 2440 780 2500 quo
806 2431 968 2500 separatae
987 2439 1079 2482 voces
1095 2431 1278 2484 tractantur.

717 2735 730 2806 i
751 2734 780 2793 2.
796 2733 891 2794 -Dc
904 2731 1061 2794 encliticis
1074 2730 1287 2792 hiemantibus

478 2949 617 3010 Luchsio
628 2949 708 3008 duce
723 2948 777 3026 qui
791 2949 824 3010 in
837 2948 1161 3011 commentationibus
1178 2951 1370 3029 prosodiacis
1389 2953 1548 3018 Plautinis

437 3055 619 3132 (Erlangem
637 3057 726 3128 1884)
740 3057 791 3116 hio
810 3057 938 3138 quidem
959 3079 1014 3140 pro
1027 3071 1194 3138 anapaesto
1216 3063 1323 3124 haberi
1343 3074 1373 3124 et
1387 3064 1552 3146 liquidem

437 3157 631 3233 pronuntiari
656 3159 841 3235 conjecerat,
861 3160 1075 3222 Buechelerus
1091 3161 1227 3238 (Archia
1259 3166 1370 3237 Μαι.
1389 3167 1549 3242 Granum„

437 3264 498 3337 ΙΙΙ,
519 3283 547 3342 p.
565 3262 633 3340 144)
652 3269 886 3344 monosyllabas
902 3287 994 3332 voces
1018 3289 1092 3333 curn
1112 3273 1257 3336 enclitico
1284 3276 1411 3357 quidem
1424 3279 1551 3357 junctas

435 3371 549 3450 corripi
583 3375 753 3448 contendit,
787 3377 872 3438 verbi
906 3378 1008 3456 gratia
1036 3381 1207 3462 mquidem,
1236 3385 1430 3466 moquidcm;
1458 3388 1552 3470 eique

438 3478 560 3540 assensi
577 3491 651 3541 sunt
667 3481 851 3560 Seyffertns.
869 3487 968 3549 Burs.
994 3489 1097 3563 Anu„
1125 3501 1146 3552 t.
1164 3492 1214 3564 90,
1232 3512 1261 3569 ρ.
1279 3495 1328 3560 57.
1347 3496 1550 3572 SkutschiuS.

437 3582 546 3657 saud,
561 3604 591 3660 p.
610 3586 1079 3670 12‚Goetzius-Schoelliusqui
1101 3594 1264 3674 tequidem
1286 3617 1318 3658 cs
1332 3599 1452 3664 Bacch.
1473 3603 1553 3665 1169

447 3685 552 3768 sept),
572 3688 747 3769 mequidem
773 3692 871 3753 Stich.
890 3694 949 3754 329
965 3692 1060 3772 (oct),
1080 3697 1235 3779 isquidcru
1252 3703 1339 3763 Pers
1358 3703 1418 3764 179
1433 3702 1550 3782 (dimi,

434 3793 647 3873 lricquidemat
664 3796 779 3858 Bacch.
795 3801 871 3860 1105
888 3799 986 3877 (oct),
1010 3803 1097 3864 Pers.
1114 3804 1250 3867 789-790
1267 3805 1366 3884 (ocul,
1394 3811 1552 3892 siquidem

435 3901 497 3961 halo
515 3904 602 3963 Pers.
620 3903 679 3965 787
695 3905 777 3983 loct.)
794 3908 1003 3989 scripserunt.

475 4011 515 4069 At
536 4008 567 4068 in
580 4009 736 4072 Plautinis
750 4015 1025 4091 anapaestisnihil
1060 4028 1191 4082 testatur
1210 4025 1315 4103 potius
1331 4028 1494 4107 mquidem
1517 4041 1549 4091 es

434 4131 531 4190 quam
556 4120 589 4171 tu
612 4113 738 4193 quidem
760 4117 803 4184 da,
831 4118 1008 4198 mequldcm
1030 4139 1126 4198 quarn
1152 4135 1200 4183 mc
1224 4126 1364 4206 quidem,
1391 4123 1549 4212 tequidem

434 4231 530 4291 quam
543 4214 717 4294 tequidem,
735 4217 948 4297 hicqut'dcmst
959 4241 1055 4300 quam
1070 4225 1121 4285 hic
1137 4227 1306 4307 quidemst,
1319 4232 1478 4312 siquidem
1486 4236 1548 4296 huc

434 4331 574 4398 quamsi
589 4322 714 4403 quidem
730 4323 791 4382 huc
806 4326 1089 4394 metiendumesse.
1109 4335 1402 4404 Namiambicavox
1419 4346 1547 4427 quidem

434 4431 500 4492 sive
528 4443 595 4510 post
620 4435 806 4512 pronomina
821 4443 864 4510 tu,
878 4460 936 4511 me,
960 4441 987 4501 ia
1002 4445 1051 4503 vel
1067 4447 1322 4523 conjunctionem
1338 4453 1376 4518 ai.
1398 4455 1465 4518 sive
1479 4469 1549 4538 post

435 4541 620 4617 pronomina
636 4541 668 4600 id
684 4541 812 4616 (Bacch.
844 4549 920 4608 1194
937 4549 954 4608 b
981 4549 1071 4618 dim,
1099 4559 1163 4614 lum
1184 4555 1238 4634 pdl
1251 4558 1285 4617 id
1298 4562 1428 4641 quidem
1452 4543 1546 4644 dasch

434 4643 514 4706 ictuc
531 4643 615 4721 (Mil.
628 4647 705 4707 1017
722 4645 802 4708 istuc
815 4651 964 4730 quidam),
978 4657 1027 4718 vel
1048 4669 1117 4734 post
1127 4667 1379 4744 monosyllabam
1395 4673 1547 4750 conjunc·

434 4751 548 4812 tionem
573 4773 668 4834 quam
683 4749 816 4828 (Bacch.
836 4759 912 4818 1204
928 4774 1019 4842 sept,
1041 4785 1136 4845 prtum
1162 4771 1290 4849 quidem
1306 4777 1474 4854 delutum),
1493 4781 1545 4843 vel
