<?xml version="1.0" encoding="UTF-8"?>
<!DOCTYPE html PUBLIC "-//W3C//DTD XHTML 1.0 Transitional//EN"
    "http://www.w3.org/TR/xhtml1/DTD/xhtml1-transitional.dtd">
<html xmlns="http://www.w3.org/1999/xhtml" xml:lang="en" lang="en">
 <head>
  <title>
</title>
<meta http-equiv="Content-Type" content="text/html;charset=utf-8" />
  <meta name='ocr-system' content='tesseract 3.04.00' />
  <meta name='ocr-capabilities' content='ocr_page ocr_carea ocr_par ocr_line ocrx_word'/>
</head>
<body>
  <div class='ocr_page' id='page_1' title='image "./deplautinisanap00audogoog_0156.png"; bbox 0 0 3446 5626; ppageno 0'>
   <div class='ocr_carea' id='block_1_1' title="bbox 632 686 1324 746">
    <p class='ocr_par' dir='ltr' id='par_1_1' title="bbox 632 686 1324 746">
     <span class='ocr_line' id='line_1_1' title="bbox 632 686 1324 746; baseline 0.009 -6"><span class='ocrx_word' id='word_1_1' title='bbox 632 698 675 740; x_wconf 81' lang='lat' dir='ltr'><strong>ns</strong></span> <span class='ocrx_word' id='word_1_2' title='bbox 695 697 737 740; x_wconf 75' lang='lat' dir='ltr'><strong>aa</strong></span> <span class='ocrx_word' id='word_1_3' title='bbox 758 697 898 742; x_wconf 69' lang='lat' dir='ltr'><strong>ussurus</strong></span> <span class='ocrx_word' id='word_1_4' title='bbox 1264 686 1324 746; x_wconf 85' lang='grc'><strong>137</strong></span> 
     </span>
    </p>
   </div>
   <div class='ocr_carea' id='block_1_2' title="bbox 205 839 1324 1031">
    <p class='ocr_par' dir='ltr' id='par_1_2' title="bbox 205 839 1324 1031">
     <span class='ocr_line' id='line_1_2' title="bbox 205 839 1324 927; baseline 0.009 -22"><span class='ocrx_word' id='word_1_5' title='bbox 205 839 319 906; x_wconf 89' lang='lat' dir='ltr'><strong>miacis</strong></span> <span class='ocrx_word' id='word_1_6' title='bbox 333 841 408 908; x_wconf 89' lang='lat' dir='ltr'><strong>vide</strong></span> <span class='ocrx_word' id='word_1_7' title='bbox 422 863 529 923; x_wconf 83' lang='lat' dir='ltr'><strong>supra,</strong></span> <span class='ocrx_word' id='word_1_8' title='bbox 544 841 561 923; x_wconf 83' lang='lat'>§</span> <span class='ocrx_word' id='word_1_9' title='bbox 580 843 607 905; x_wconf 94' lang='lat'><strong>1.</strong></span> <span class='ocrx_word' id='word_1_10' title='bbox 630 846 670 906; x_wconf 89' lang='lat' dir='ltr'><strong>V.</strong></span> <span class='ocrx_word' id='word_1_11' title='bbox 690 845 824 908; x_wconf 84' lang='grc'>744-747</span> <span class='ocrx_word' id='word_1_12' title='bbox 844 845 1062 927; x_wconf 88' lang='lat' dir='ltr'><strong>anapaesticos</strong></span> <span class='ocrx_word' id='word_1_13' title='bbox 1077 867 1146 912; x_wconf 90' lang='lat' dir='ltr'><strong>esse</strong></span> <span class='ocrx_word' id='word_1_14' title='bbox 1161 849 1324 915; x_wconf 88' lang='lat' dir='ltr'><strong>intellexe-</strong></span> 
     </span>
     <span class='ocr_line' id='line_1_3' title="bbox 208 947 1322 1031; baseline 0.008 -21"><span class='ocrx_word' id='word_1_15' title='bbox 208 959 283 1012; x_wconf 91' lang='lat' dir='ltr'><strong>runt</strong></span> <span class='ocrx_word' id='word_1_16' title='bbox 295 949 499 1029; x_wconf 81' lang='lat' dir='ltr'><strong>Spengelins,</strong></span> <span class='ocrx_word' id='word_1_17' title='bbox 514 947 705 1018; x_wconf 86' lang='lat' dir='ltr'><strong>Schoellius,</strong></span> <span class='ocrx_word' id='word_1_18' title='bbox 724 947 882 1027; x_wconf 89' lang='lat' dir='ltr'><strong>Klotzius,</strong></span> <span class='ocrx_word' id='word_1_19' title='bbox 899 949 1255 1031; x_wconf 82' lang='lat' dir='ltr'><strong>Goetzius-Sehoellius‚</strong></span> <span class='ocrx_word' id='word_1_20' title='bbox 1267 957 1322 1018; x_wconf 91' lang='lat' dir='ltr'><strong>sed</strong></span> 
     </span>
    </p>
   </div>
   <div class='ocr_carea' id='block_1_3' title="bbox 204 1041 1323 1248">
    <p class='ocr_par' dir='ltr' id='par_1_3' title="bbox 204 1041 1323 1248">
     <span class='ocr_line' id='line_1_4' title="bbox 204 1041 1323 1142; baseline 0.005 -22"><span class='ocrx_word' id='word_1_21' title='bbox 204 1058 363 1121; x_wconf 78' lang='lat' dir='ltr'><strong>trimetros</strong></span> <span class='ocrx_word' id='word_1_22' title='bbox 386 1075 454 1120; x_wconf 89' lang='lat' dir='ltr'><strong>esse</strong></span> <span class='ocrx_word' id='word_1_23' title='bbox 476 1075 540 1120; x_wconf 90' lang='lat' dir='ltr'><strong>non</strong></span> <span class='ocrx_word' id='word_1_24' title='bbox 555 1041 856 1120; x_wconf 86' lang='lat' dir='ltr'><strong>animadverterunt.</strong></span> <span class='ocrx_word' id='word_1_25' title='bbox 876 1059 963 1122; x_wconf 88' lang='lat' dir='ltr'><strong>Nam</strong></span> <span class='ocrx_word' id='word_1_26' title='bbox 977 1059 1011 1122; x_wconf 91' lang='lat' dir='ltr'><strong>in</strong></span> <span class='ocrx_word' id='word_1_27' title='bbox 1027 1060 1140 1141; x_wconf 83' lang='lat' dir='ltr'><strong>priore,</strong></span> <span class='ocrx_word' id='word_1_28' title='bbox 1158 1062 1221 1125; x_wconf 88' lang='lat' dir='ltr'><strong>cilo</strong></span> <span class='ocrx_word' id='word_1_29' title='bbox 1237 1063 1323 1142; x_wconf 88' lang='lat' dir='ltr'><strong>quod</strong></span> 
     </span>
     <span class='ocr_line' id='line_1_5' title="bbox 206 1161 1322 1248; baseline 0.009 -22"><span class='ocrx_word' id='word_1_30' title='bbox 206 1175 277 1248; x_wconf 91' lang='lat' dir='ltr'><strong>post</strong></span> <span class='ocrx_word' id='word_1_31' title='bbox 288 1182 426 1246; x_wconf 77' lang='lat' dir='ltr'><em>propere</em></span> <span class='ocrx_word' id='word_1_32' title='bbox 436 1163 468 1225; x_wconf 93' lang='lat' dir='ltr'><strong>in</strong></span> <span class='ocrx_word' id='word_1_33' title='bbox 479 1161 570 1226; x_wconf 90' lang='lat' dir='ltr'><strong>libris</strong></span> <span class='ocrx_word' id='word_1_34' title='bbox 579 1165 707 1228; x_wconf 84' lang='lat' dir='ltr'><strong>additur</strong></span> <span class='ocrx_word' id='word_1_35' title='bbox 718 1167 888 1228; x_wconf 90' lang='lat' dir='ltr'><strong>delendum</strong></span> <span class='ocrx_word' id='word_1_36' title='bbox 900 1185 969 1230; x_wconf 89' lang='lat' dir='ltr'><strong>esse</strong></span> <span class='ocrx_word' id='word_1_37' title='bbox 981 1166 1128 1231; x_wconf 88' lang='lat' dir='ltr'><strong>viderunt</strong></span> <span class='ocrx_word' id='word_1_38' title='bbox 1142 1170 1322 1236; x_wconf 89' lang='lat' dir='ltr'><strong>Schoellius</strong></span> 
     </span>
    </p>
   </div>
   <div class='ocr_carea' id='block_1_4' title="bbox 205 1269 1322 1464">
    <p class='ocr_par' dir='ltr' id='par_1_4' title="bbox 205 1269 1322 1464">
     <span class='ocr_line' id='line_1_6' title="bbox 208 1269 1322 1358; baseline 0.007 -23"><span class='ocrx_word' id='word_1_39' title='bbox 208 1269 415 1351; x_wconf 84' lang='lat' dir='ltr'><strong>Klotziusque</strong></span> <span class='ocrx_word' id='word_1_40' title='bbox 436 1273 491 1335; x_wconf 91' lang='lat' dir='ltr'><strong>sed</strong></span> <span class='ocrx_word' id='word_1_41' title='bbox 519 1271 732 1352; x_wconf 86' lang='lat' dir='ltr'><strong>paroemiacoe</strong></span> <span class='ocrx_word' id='word_1_42' title='bbox 758 1275 838 1338; x_wconf 88' lang='lat' dir='ltr'><strong>duos</strong></span> <span class='ocrx_word' id='word_1_43' title='bbox 862 1273 1103 1356; x_wconf 91' lang='lat' dir='ltr'><strong>dispescuerunt</strong></span> <span class='ocrx_word' id='word_1_44' title='bbox 1122 1278 1322 1358; x_wconf 88' lang='lat' dir='ltr'><strong>alterumque</strong></span> 
     </span>
     <span class='ocr_line' id='line_1_7' title="bbox 205 1376 1322 1464; baseline 0.002 -22"><span class='ocrx_word' id='word_1_45' title='bbox 205 1377 303 1442; x_wconf 89' lang='lat' dir='ltr'><strong>iidem</strong></span> <span class='ocrx_word' id='word_1_46' title='bbox 316 1387 412 1456; x_wconf 89' lang='lat' dir='ltr'><strong>atque</strong></span> <span class='ocrx_word' id='word_1_47' title='bbox 425 1377 521 1439; x_wconf 90' lang='lat' dir='ltr'><strong>etiam</strong></span> <span class='ocrx_word' id='word_1_48' title='bbox 532 1376 877 1442; x_wconf 86' lang='lat' dir='ltr'><strong>Goetzius-Schoellius</strong></span> <span class='ocrx_word' id='word_1_49' title='bbox 892 1378 926 1442; x_wconf 92' lang='lat' dir='ltr'><strong>in</strong></span> <span class='ocrx_word' id='word_1_50' title='bbox 940 1380 1021 1442; x_wconf 91' lang='lat' dir='ltr'><strong>duas</strong></span> <span class='ocrx_word' id='word_1_51' title='bbox 1035 1381 1254 1464; x_wconf 86' lang='lat' dir='ltr'><strong>anapaestioas</strong></span> <span class='ocrx_word' id='word_1_52' title='bbox 1270 1383 1322 1445; x_wconf 93' lang='lat' dir='ltr'><strong>tri·</strong></span> 
     </span>
    </p>
   </div>
   <div class='ocr_carea' id='block_1_5' title="bbox 204 1484 1414 1568">
    <p class='ocr_par' dir='ltr' id='par_1_5' title="bbox 204 1484 1414 1568">
     <span class='ocr_line' id='line_1_8' title="bbox 204 1484 1414 1568; baseline 0.007 -20"><span class='ocrx_word' id='word_1_53' title='bbox 204 1484 316 1568; x_wconf 91' lang='lat' dir='ltr'><strong>podias</strong></span> <span class='ocrx_word' id='word_1_54' title='bbox 331 1486 520 1562; x_wconf 87' lang='lat' dir='ltr'><strong>diviserunt,</strong></span> <span class='ocrx_word' id='word_1_55' title='bbox 534 1485 592 1549; x_wconf 90' lang='lat' dir='ltr'><strong>etsi</strong></span> <span class='ocrx_word' id='word_1_56' title='bbox 607 1487 640 1548; x_wconf 92' lang='lat' dir='ltr'><strong>in</strong></span> <span class='ocrx_word' id='word_1_57' title='bbox 657 1490 685 1550; x_wconf 86' lang='lat' dir='ltr'><strong>A</strong></span> <span class='ocrx_word' id='word_1_58' title='bbox 699 1488 777 1550; x_wconf 90' lang='lat' dir='ltr'><strong>etin</strong></span> <span class='ocrx_word' id='word_1_59' title='bbox 793 1488 819 1550; x_wconf 89' lang='lat' dir='ltr'>B</span> <span class='ocrx_word' id='word_1_60' title='bbox 837 1491 900 1553; x_wconf 91' lang='lat' dir='ltr'><strong>duo</strong></span> <span class='ocrx_word' id='word_1_61' title='bbox 914 1500 1036 1554; x_wconf 85' lang='lat' dir='ltr'><strong>tantum</strong></span> <span class='ocrx_word' id='word_1_62' title='bbox 1051 1511 1161 1554; x_wconf 89' lang='lat' dir='ltr'><strong>versus</strong></span> <span class='ocrx_word' id='word_1_63' title='bbox 1173 1503 1257 1556; x_wconf 90' lang='lat' dir='ltr'><strong>sunt.</strong></span> <span class='ocrx_word' id='word_1_64' title='bbox 1276 1495 1322 1556; x_wconf 90' lang='lat' dir='ltr'><strong>De</strong></span> <span class='ocrx_word' id='word_1_65' title='bbox 1410 1517 1414 1522; x_wconf 90' lang='lat'><em>·</em></span> 
     </span>
    </p>
   </div>
   <div class='ocr_carea' id='block_1_6' title="bbox 203 1597 1324 2007">
    <p class='ocr_par' dir='ltr' id='par_1_6' title="bbox 203 1597 1323 1886">
     <span class='ocr_line' id='line_1_9' title="bbox 203 1597 1320 1685; baseline -0.004 -16"><span class='ocrx_word' id='word_1_66' title='bbox 203 1603 292 1668; x_wconf 89' lang='lat' dir='ltr'><strong>verbi</strong></span> <span class='ocrx_word' id='word_1_67' title='bbox 305 1603 413 1685; x_wconf 83' lang='lat' dir='ltr'><strong>jacite</strong></span> <span class='ocrx_word' id='word_1_68' title='bbox 431 1598 521 1664; x_wconf 89' lang='lat' dir='ltr'><strong>finali</strong></span> <span class='ocrx_word' id='word_1_69' title='bbox 539 1602 691 1682; x_wconf 90' lang='lat' dir='ltr'><strong>producta</strong></span> <span class='ocrx_word' id='word_1_70' title='bbox 708 1597 781 1664; x_wconf 91' lang='lat' dir='ltr'><strong>vide</strong></span> <span class='ocrx_word' id='word_1_71' title='bbox 803 1619 911 1682; x_wconf 85' lang='lat' dir='ltr'><strong>supra,</strong></span> <span class='ocrx_word' id='word_1_72' title='bbox 935 1602 968 1664; x_wconf 91' lang='lat' dir='ltr'><strong>in</strong></span> <span class='ocrx_word' id='word_1_73' title='bbox 993 1602 1075 1666; x_wconf 88' lang='lat' dir='ltr'><strong>libro</strong></span> <span class='ocrx_word' id='word_1_74' title='bbox 1095 1604 1244 1680; x_wconf 87' lang='lat' dir='ltr'><strong>secundo,</strong></span> <span class='ocrx_word' id='word_1_75' title='bbox 1258 1601 1276 1683; x_wconf 61' lang='grc' dir='ltr'>ᾗ</span> <span class='ocrx_word' id='word_1_76' title='bbox 1289 1605 1320 1668; x_wconf 90' lang='grc'><strong>7.</strong></span> 
     </span>
     <span class='ocr_line' id='line_1_10' title="bbox 204 1709 1323 1792; baseline -0.003 -17"><span class='ocrx_word' id='word_1_77' title='bbox 204 1715 273 1777; x_wconf 91' lang='lat' dir='ltr'><strong>Neo</strong></span> <span class='ocrx_word' id='word_1_78' title='bbox 297 1712 413 1776; x_wconf 88' lang='lat' dir='ltr'><strong>rectius</strong></span> <span class='ocrx_word' id='word_1_79' title='bbox 433 1709 622 1790; x_wconf 81' lang='lat' dir='ltr'><strong>Spengelius</strong></span> <span class='ocrx_word' id='word_1_80' title='bbox 642 1710 836 1792; x_wconf 81' lang='lat' dir='ltr'><strong>septenarios</strong></span> <span class='ocrx_word' id='word_1_81' title='bbox 855 1709 935 1772; x_wconf 90' lang='lat' dir='ltr'><strong>duos</strong></span> <span class='ocrx_word' id='word_1_82' title='bbox 950 1709 1059 1772; x_wconf 89' lang='lat' dir='ltr'><strong>multis</strong></span> <span class='ocrx_word' id='word_1_83' title='bbox 1073 1710 1323 1774; x_wconf 76' lang='lat' dir='ltr'><strong>correctionibus</strong></span> 
     </span>
     <span class='ocr_line' id='line_1_11' title="bbox 204 1817 457 1886; baseline 0 -4"><span class='ocrx_word' id='word_1_84' title='bbox 204 1819 298 1886; x_wconf 86' lang='lat' dir='ltr'><strong>lactis</strong></span> <span class='ocrx_word' id='word_1_85' title='bbox 310 1817 457 1882; x_wconf 85' lang='lat' dir='ltr'><strong>restituit.</strong></span> 
     </span>
    </p>

    <p class='ocr_par' dir='ltr' id='par_1_7' title="bbox 243 1925 1324 2007">
     <span class='ocr_line' id='line_1_12' title="bbox 243 1925 1324 2007; baseline -0.003 -14"><span class='ocrx_word' id='word_1_86' title='bbox 243 1935 339 1994; x_wconf 80' lang='lat' dir='ltr'><strong>Truc.</strong></span> <span class='ocrx_word' id='word_1_87' title='bbox 359 1929 454 1994; x_wconf 88' lang='grc'>98-99</span> <span class='ocrx_word' id='word_1_88' title='bbox 471 1927 630 1992; x_wconf 86' lang='lat' dir='ltr'><strong>trimetros</strong></span> <span class='ocrx_word' id='word_1_89' title='bbox 645 1928 724 1989; x_wconf 89' lang='lat' dir='ltr'><strong>duos</strong></span> <span class='ocrx_word' id='word_1_90' title='bbox 747 1929 773 1989; x_wconf 90' lang='lat' dir='ltr'><strong>B</strong></span> <span class='ocrx_word' id='word_1_91' title='bbox 793 1925 874 1989; x_wconf 91' lang='lat' dir='ltr'><strong>duce</strong></span> <span class='ocrx_word' id='word_1_92' title='bbox 894 1928 963 2006; x_wconf 83' lang='lat' dir='ltr'><strong>jure</strong></span> <span class='ocrx_word' id='word_1_93' title='bbox 982 1925 1211 2007; x_wconf 84' lang='lat' dir='ltr'><strong>discripserunt</strong></span> <span class='ocrx_word' id='word_1_94' title='bbox 1230 1929 1324 1990; x_wconf 88' lang='lat' dir='ltr'><strong>Goet·</strong></span> 
     </span>
    </p>
   </div>
   <div class='ocr_carea' id='block_1_7' title="bbox 203 2031 1323 2215">
    <p class='ocr_par' dir='ltr' id='par_1_8' title="bbox 203 2031 1323 2215">
     <span class='ocr_line' id='line_1_13' title="bbox 203 2031 1321 2113; baseline -0.001 -15"><span class='ocrx_word' id='word_1_95' title='bbox 203 2035 484 2099; x_wconf 80' lang='lat' dir='ltr'><strong>aius-Schoellius.</strong></span> <span class='ocrx_word' id='word_1_96' title='bbox 499 2035 585 2096; x_wconf 90' lang='lat' dir='ltr'><strong>Nam</strong></span> <span class='ocrx_word' id='word_1_97' title='bbox 600 2033 644 2096; x_wconf 85' lang='lat' dir='ltr'><strong>ita</strong></span> <span class='ocrx_word' id='word_1_98' title='bbox 656 2031 737 2095; x_wconf 91' lang='lat' dir='ltr'><strong>nihil</strong></span> <span class='ocrx_word' id='word_1_99' title='bbox 753 2031 908 2113; x_wconf 85' lang='lat' dir='ltr'><strong>corrigere</strong></span> <span class='ocrx_word' id='word_1_100' title='bbox 921 2051 1048 2095; x_wconf 87' lang='lat' dir='ltr'><strong>necesse</strong></span> <span class='ocrx_word' id='word_1_101' title='bbox 1063 2042 1110 2096; x_wconf 90' lang='lat' dir='ltr'><strong>est</strong></span> <span class='ocrx_word' id='word_1_102' title='bbox 1125 2052 1182 2098; x_wconf 91' lang='lat' dir='ltr'><strong>neo</strong></span> <span class='ocrx_word' id='word_1_103' title='bbox 1193 2036 1277 2096; x_wconf 89' lang='lat' dir='ltr'><strong>male</strong></span> <span class='ocrx_word' id='word_1_104' title='bbox 1288 2032 1321 2097; x_wconf 90' lang='lat' dir='ltr'><strong>hi</strong></span> 
     </span>
     <span class='ocr_line' id='line_1_14' title="bbox 203 2134 1323 2215; baseline -0.004 -13"><span class='ocrx_word' id='word_1_105' title='bbox 203 2137 337 2202; x_wconf 87' lang='lat' dir='ltr'><strong>trimetri</strong></span> <span class='ocrx_word' id='word_1_106' title='bbox 360 2138 540 2200; x_wconf 90' lang='lat' dir='ltr'><strong>trimetrum</strong></span> <span class='ocrx_word' id='word_1_107' title='bbox 559 2135 779 2199; x_wconf 83' lang='lat' dir='ltr'><strong>catalecticum</strong></span> <span class='ocrx_word' id='word_1_108' title='bbox 794 2134 855 2214; x_wconf 80' lang='grc'>(97)</span> <span class='ocrx_word' id='word_1_109' title='bbox 876 2147 1051 2215; x_wconf 89' lang='lat' dir='ltr'><strong>sequuntur</strong></span> <span class='ocrx_word' id='word_1_110' title='bbox 1063 2137 1146 2200; x_wconf 90' lang='lat' dir='ltr'><strong>sicut</strong></span> <span class='ocrx_word' id='word_1_111' title='bbox 1160 2147 1253 2199; x_wconf 86' lang='lat' dir='ltr'><strong>antea</strong></span> <span class='ocrx_word' id='word_1_112' title='bbox 1267 2135 1323 2199; x_wconf 90' lang='lat' dir='ltr'><strong>tri-</strong></span> 
     </span>
    </p>
   </div>
   <div class='ocr_carea' id='block_1_8' title="bbox 203 2242 1060 2324">
    <p class='ocr_par' dir='ltr' id='par_1_9' title="bbox 203 2242 1060 2324">
     <span class='ocr_line' id='line_1_15' title="bbox 203 2242 1060 2324; baseline -0.006 -14"><span class='ocrx_word' id='word_1_113' title='bbox 203 2256 342 2310; x_wconf 86' lang='lat' dir='ltr'><strong>metrum</strong></span> <span class='ocrx_word' id='word_1_114' title='bbox 353 2243 572 2309; x_wconf 81' lang='lat' dir='ltr'><strong>catalecticum</strong></span> <span class='ocrx_word' id='word_1_115' title='bbox 587 2243 650 2324; x_wconf 77' lang='lat'><strong>(95)</strong></span> <span class='ocrx_word' id='word_1_116' title='bbox 666 2243 804 2308; x_wconf 90' lang='lat' dir='ltr'><strong>trimeter</strong></span> <span class='ocrx_word' id='word_1_117' title='bbox 820 2242 883 2324; x_wconf 63' lang='lat'><strong>196)</strong></span> <span class='ocrx_word' id='word_1_118' title='bbox 905 2244 1060 2324; x_wconf 90' lang='lat' dir='ltr'><strong>sequitur.</strong></span> 
     </span>
    </p>
   </div>
   <div class='ocr_carea' id='block_1_9' title="bbox 481 2478 1051 2562">
    <p class='ocr_par' dir='ltr' id='par_1_10' title="bbox 481 2478 1051 2562">
     <span class='ocr_line' id='line_1_16' title="bbox 481 2478 1051 2562; baseline 0 -20"><span class='ocrx_word' id='word_1_119' title='bbox 481 2481 498 2562; x_wconf 64' lang='grc' dir='ltr'><strong>ἓ</strong></span> <span class='ocrx_word' id='word_1_120' title='bbox 515 2483 563 2544; x_wconf 88' lang='lat'><strong>13.</strong></span> <span class='ocrx_word' id='word_1_121' title='bbox 580 2515 619 2524; x_wconf 90' lang='lat'>—</span> <span class='ocrx_word' id='word_1_122' title='bbox 633 2480 684 2542; x_wconf 88' lang='lat' dir='ltr'><strong>Dc</strong></span> <span class='ocrx_word' id='word_1_123' title='bbox 699 2479 921 2542; x_wconf 83' lang='lat' dir='ltr'><strong>trimetrorum</strong></span> <span class='ocrx_word' id='word_1_124' title='bbox 932 2478 1051 2558; x_wconf 81' lang='lat' dir='ltr'><strong>formis</strong></span> 
     </span>
    </p>
   </div>
   <div class='ocr_carea' id='block_1_10' title="bbox 243 2663 1324 2748">
    <p class='ocr_par' dir='ltr' id='par_1_11' title="bbox 243 2663 1324 2748">
     <span class='ocr_line' id='line_1_17' title="bbox 243 2663 1324 2748; baseline -0.002 -18"><span class='ocrx_word' id='word_1_125' title='bbox 243 2670 397 2732; x_wconf 87' lang='lat' dir='ltr'><strong>Trimeter</strong></span> <span class='ocrx_word' id='word_1_126' title='bbox 421 2666 455 2729; x_wconf 90' lang='lat' dir='ltr'><strong>in</strong></span> <span class='ocrx_word' id='word_1_127' title='bbox 475 2667 554 2729; x_wconf 88' lang='lat' dir='ltr'><strong>duas</strong></span> <span class='ocrx_word' id='word_1_128' title='bbox 572 2663 725 2748; x_wconf 86' lang='lat' dir='ltr'><strong>tripudias</strong></span> <span class='ocrx_word' id='word_1_129' title='bbox 745 2683 877 2728; x_wconf 87' lang='lat' dir='ltr'><strong>caesura</strong></span> <span class='ocrx_word' id='word_1_130' title='bbox 896 2663 1060 2727; x_wconf 89' lang='lat' dir='ltr'><strong>dividitur.</strong></span> <span class='ocrx_word' id='word_1_131' title='bbox 1090 2664 1213 2728; x_wconf 86' lang='lat' dir='ltr'><strong>Idcirco</strong></span> <span class='ocrx_word' id='word_1_132' title='bbox 1234 2664 1324 2728; x_wconf 89' lang='lat' dir='ltr'><strong>tertia</strong></span> 
     </span>
    </p>
   </div>
   <div class='ocr_carea' id='block_1_11' title="bbox 202 2772 1323 2957">
    <p class='ocr_par' dir='ltr' id='par_1_12' title="bbox 202 2772 1323 2957">
     <span class='ocr_line' id='line_1_18' title="bbox 203 2772 1323 2854; baseline -0.004 -15"><span class='ocrx_word' id='word_1_133' title='bbox 203 2775 283 2840; x_wconf 88' lang='lat' dir='ltr'><strong>arsis</strong></span> <span class='ocrx_word' id='word_1_134' title='bbox 305 2795 370 2839; x_wconf 90' lang='lat' dir='ltr'><strong>non</strong></span> <span class='ocrx_word' id='word_1_135' title='bbox 391 2774 524 2838; x_wconf 88' lang='lat' dir='ltr'><strong>solvitur</strong></span> <span class='ocrx_word' id='word_1_136' title='bbox 543 2774 597 2837; x_wconf 89' lang='lat' dir='ltr'><strong>sed</strong></span> <span class='ocrx_word' id='word_1_137' title='bbox 618 2775 668 2836; x_wconf 89' lang='lat' dir='ltr'><strong>vel</strong></span> <span class='ocrx_word' id='word_1_138' title='bbox 689 2792 706 2836; x_wconf 92' lang='lat' dir='ltr'><strong>e</strong></span> <span class='ocrx_word' id='word_1_139' title='bbox 726 2773 811 2836; x_wconf 90' lang='lat' dir='ltr'><strong>brevi</strong></span> <span class='ocrx_word' id='word_1_140' title='bbox 831 2784 973 2836; x_wconf 87' lang='lat' dir='ltr'><strong>constare</strong></span> <span class='ocrx_word' id='word_1_141' title='bbox 989 2784 1097 2854; x_wconf 81' lang='lat' dir='ltr'><strong>potest,</strong></span> <span class='ocrx_word' id='word_1_142' title='bbox 1115 2772 1198 2836; x_wconf 90' lang='lat' dir='ltr'><strong>sicut</strong></span> <span class='ocrx_word' id='word_1_143' title='bbox 1211 2782 1323 2852; x_wconf 89' lang='lat' dir='ltr'><strong>quarta</strong></span> 
     </span>
     <span class='ocr_line' id='line_1_19' title="bbox 202 2876 1323 2957; baseline -0.004 -14"><span class='ocrx_word' id='word_1_144' title='bbox 202 2879 338 2944; x_wconf 83' lang='lat' dir='ltr'><strong>arsisio</strong></span> <span class='ocrx_word' id='word_1_145' title='bbox 362 2878 561 2942; x_wconf 87' lang='lat' dir='ltr'><strong>tetrametris.</strong></span> <span class='ocrx_word' id='word_1_146' title='bbox 583 2879 714 2940; x_wconf 82' lang='lat' dir='ltr'><strong>Ceterae</strong></span> <span class='ocrx_word' id='word_1_147' title='bbox 740 2896 826 2940; x_wconf 90' lang='lat' dir='ltr'><strong>arses</strong></span> <span class='ocrx_word' id='word_1_148' title='bbox 850 2885 978 2956; x_wconf 79' lang='lat' dir='ltr'><strong>excepta</strong></span> <span class='ocrx_word' id='word_1_149' title='bbox 1009 2876 1123 2940; x_wconf 90' lang='lat' dir='ltr'><strong>ultima</strong></span> <span class='ocrx_word' id='word_1_150' title='bbox 1147 2895 1323 2957; x_wconf 91' lang='lat' dir='ltr'><strong>omnesque</strong></span> 
     </span>
    </p>
   </div>
   <div class='ocr_carea' id='block_1_12' title="bbox 203 2986 1321 3069">
    <p class='ocr_par' dir='ltr' id='par_1_13' title="bbox 203 2986 1321 3069">
     <span class='ocr_line' id='line_1_20' title="bbox 203 2986 1321 3069; baseline -0.005 -15"><span class='ocrx_word' id='word_1_151' title='bbox 203 2994 308 3054; x_wconf 90' lang='lat' dir='ltr'><strong>theses</strong></span> <span class='ocrx_word' id='word_1_152' title='bbox 323 2991 373 3052; x_wconf 88' lang='lat' dir='ltr'><strong>vel</strong></span> <span class='ocrx_word' id='word_1_153' title='bbox 387 3009 405 3052; x_wconf 91' lang='lat' dir='ltr'><strong>e</strong></span> <span class='ocrx_word' id='word_1_154' title='bbox 417 2990 540 3052; x_wconf 89' lang='lat' dir='ltr'><strong>duabus</strong></span> <span class='ocrx_word' id='word_1_155' title='bbox 556 2986 703 3051; x_wconf 90' lang='lat' dir='ltr'><strong>brevibus</strong></span> <span class='ocrx_word' id='word_1_156' title='bbox 719 2987 768 3049; x_wconf 87' lang='lat' dir='ltr'><strong>vel</strong></span> <span class='ocrx_word' id='word_1_157' title='bbox 778 3003 817 3048; x_wconf 87' lang='lat' dir='ltr'><strong>ex</strong></span> <span class='ocrx_word' id='word_1_158' title='bbox 833 3003 897 3048; x_wconf 89' lang='lat' dir='ltr'><strong>una</strong></span> <span class='ocrx_word' id='word_1_159' title='bbox 907 2988 1002 3066; x_wconf 81' lang='lat' dir='ltr'><strong>longa</strong></span> <span class='ocrx_word' id='word_1_160' title='bbox 1017 2997 1162 3051; x_wconf 86' lang='lat' dir='ltr'><strong>constare</strong></span> <span class='ocrx_word' id='word_1_161' title='bbox 1178 2995 1321 3069; x_wconf 90' lang='lat' dir='ltr'><strong>possunt.</strong></span> 
     </span>
    </p>
   </div>
   <div class='ocr_carea' id='block_1_13' title="bbox 371 3209 1158 3294">
    <p class='ocr_par' dir='ltr' id='par_1_14' title="bbox 371 3209 1158 3294">
     <span class='ocr_line' id='line_1_21' title="bbox 371 3209 1158 3294; baseline -0.003 -18"><span class='ocrx_word' id='word_1_162' title='bbox 371 3213 388 3294; x_wconf 60' lang='grc' dir='ltr'>ᾖ</span> <span class='ocrx_word' id='word_1_163' title='bbox 405 3219 453 3276; x_wconf 85' lang='grc'><strong>14.</strong></span> <span class='ocrx_word' id='word_1_164' title='bbox 466 3247 504 3256; x_wconf 95' lang='grc'><strong>--</strong></span> <span class='ocrx_word' id='word_1_165' title='bbox 520 3214 571 3275; x_wconf 88' lang='lat' dir='ltr'><strong>Dc</strong></span> <span class='ocrx_word' id='word_1_166' title='bbox 584 3212 806 3275; x_wconf 82' lang='lat' dir='ltr'><strong>trimetrorum</strong></span> <span class='ocrx_word' id='word_1_167' title='bbox 821 3209 1084 3276; x_wconf 81' lang='lat' dir='ltr'><strong>catalecticorum</strong></span> <span class='ocrx_word' id='word_1_168' title='bbox 1098 3233 1158 3275; x_wconf 85' lang='lat' dir='ltr'><strong>usu</strong></span> 
     </span>
    </p>
   </div>
   <div class='ocr_carea' id='block_1_14' title="bbox 202 3397 1324 3585">
    <p class='ocr_par' dir='ltr' id='par_1_15' title="bbox 202 3397 1324 3585">
     <span class='ocr_line' id='line_1_22' title="bbox 244 3397 1324 3473; baseline -0.006 -9"><span class='ocrx_word' id='word_1_169' title='bbox 244 3402 339 3464; x_wconf 80' lang='lat' dir='ltr'><strong>Curc-</strong></span> <span class='ocrx_word' id='word_1_170' title='bbox 361 3401 413 3473; x_wconf 92' lang='grc'><strong>96,</strong></span> <span class='ocrx_word' id='word_1_171' title='bbox 432 3401 471 3464; x_wconf 86' lang='grc'><strong>97</strong></span> <span class='ocrx_word' id='word_1_172' title='bbox 492 3418 512 3461; x_wconf 93' lang='lat' dir='ltr'><strong>a</strong></span> <span class='ocrx_word' id='word_1_173' title='bbox 526 3399 659 3462; x_wconf 90' lang='lat' dir='ltr'><strong>trimetri</strong></span> <span class='ocrx_word' id='word_1_174' title='bbox 676 3397 850 3462; x_wconf 79' lang='lat' dir='ltr'><strong>catalectici</strong></span> <span class='ocrx_word' id='word_1_175' title='bbox 865 3400 929 3460; x_wconf 92' lang='lat' dir='ltr'><strong>duo</strong></span> <span class='ocrx_word' id='word_1_176' title='bbox 944 3399 978 3465; x_wconf 92' lang='lat' dir='ltr'><strong>in</strong></span> <span class='ocrx_word' id='word_1_177' title='bbox 991 3397 1082 3461; x_wconf 90' lang='lat' dir='ltr'><strong>initio</strong></span> <span class='ocrx_word' id='word_1_178' title='bbox 1098 3397 1213 3461; x_wconf 83' lang='lat' dir='ltr'><strong>cantici</strong></span> <span class='ocrx_word' id='word_1_179' title='bbox 1229 3399 1324 3460; x_wconf 91' lang='lat' dir='ltr'><strong>collo·</strong></span> 
     </span>
     <span class='ocr_line' id='line_1_23' title="bbox 202 3502 1322 3585; baseline 0 -19"><span class='ocrx_word' id='word_1_180' title='bbox 202 3505 264 3567; x_wconf 89' lang='lat' dir='ltr'><strong>cati</strong></span> <span class='ocrx_word' id='word_1_181' title='bbox 286 3513 360 3566; x_wconf 91' lang='lat' dir='ltr'><strong>sunt</strong></span> <span class='ocrx_word' id='word_1_182' title='bbox 381 3513 411 3565; x_wconf 88' lang='lat' dir='ltr'><strong>et</strong></span> <span class='ocrx_word' id='word_1_183' title='bbox 425 3503 669 3585; x_wconf 48' lang='lat' dir='ltr'><strong>¹anapaestioum</strong></span> <span class='ocrx_word' id='word_1_184' title='bbox 693 3503 865 3566; x_wconf 90' lang='lat' dir='ltr'><strong>dimetrum</strong></span> <span class='ocrx_word' id='word_1_185' title='bbox 887 3504 1088 3566; x_wconf 89' lang='lat' dir='ltr'><strong>antecedunt.</strong></span> <span class='ocrx_word' id='word_1_186' title='bbox 1116 3503 1170 3566; x_wconf 89' lang='lat' dir='ltr'><strong>Sic</strong></span> <span class='ocrx_word' id='word_1_187' title='bbox 1189 3502 1322 3566; x_wconf 91' lang='lat' dir='ltr'><strong>enimB</strong></span> 
     </span>
    </p>
   </div>
   <div class='ocr_carea' id='block_1_15' title="bbox 102 3610 1324 4774">
    <p class='ocr_par' dir='ltr' id='par_1_16' title="bbox 102 3610 1324 4115">
     <span class='ocr_line' id='line_1_24' title="bbox 202 3610 1323 3693; baseline -0.002 -19"><span class='ocrx_word' id='word_1_188' title='bbox 202 3615 281 3676; x_wconf 91' lang='lat' dir='ltr'><strong>duce</strong></span> <span class='ocrx_word' id='word_1_189' title='bbox 294 3614 363 3692; x_wconf 89' lang='lat' dir='ltr'><strong>jure</strong></span> <span class='ocrx_word' id='word_1_190' title='bbox 378 3612 541 3693; x_wconf 90' lang='lat' dir='ltr'><strong>discripsit</strong></span> <span class='ocrx_word' id='word_1_191' title='bbox 556 3612 756 3692; x_wconf 85' lang='lat' dir='ltr'><strong>Spengelius.</strong></span> <span class='ocrx_word' id='word_1_192' title='bbox 776 3615 948 3674; x_wconf 83' lang='lat' dir='ltr'><strong>Nemeum</strong></span> <span class='ocrx_word' id='word_1_193' title='bbox 959 3631 988 3672; x_wconf 90' lang='lat' dir='ltr'><strong>v.</strong></span> <span class='ocrx_word' id='word_1_194' title='bbox 1001 3613 1040 3674; x_wconf 87' lang='grc'><strong>97</strong></span> <span class='ocrx_word' id='word_1_195' title='bbox 1056 3610 1323 3690; x_wconf 88' lang='lat' dir='ltr'><strong>banapaestieum</strong></span> 
     </span>
     <span class='ocr_line' id='line_1_25' title="bbox 202 3721 1323 3802; baseline -0.004 -16"><span class='ocrx_word' id='word_1_196' title='bbox 202 3742 270 3786; x_wconf 89' lang='lat' dir='ltr'><strong>esse</strong></span> <span class='ocrx_word' id='word_1_197' title='bbox 286 3721 637 3788; x_wconf 88' lang='lat' dir='ltr'><strong>Goetzius-Schoellius</strong></span> <span class='ocrx_word' id='word_1_198' title='bbox 650 3740 712 3784; x_wconf 90' lang='lat' dir='ltr'><strong>non</strong></span> <span class='ocrx_word' id='word_1_199' title='bbox 728 3731 853 3802; x_wconf 86' lang='lat' dir='ltr'><strong>negent,</strong></span> <span class='ocrx_word' id='word_1_200' title='bbox 872 3727 1037 3802; x_wconf 88' lang='lat' dir='ltr'><strong>perperam</strong></span> <span class='ocrx_word' id='word_1_201' title='bbox 1052 3741 1083 3782; x_wconf 88' lang='lat' dir='ltr'><strong>v.</strong></span> <span class='ocrx_word' id='word_1_202' title='bbox 1099 3722 1150 3793; x_wconf 86' lang='grc'><strong>96,</strong></span> <span class='ocrx_word' id='word_1_203' title='bbox 1162 3721 1201 3783; x_wconf 90' lang='grc'><strong>97</strong></span> <span class='ocrx_word' id='word_1_204' title='bbox 1217 3738 1236 3780; x_wconf 91' lang='lat' dir='ltr'><strong>a</strong></span> <span class='ocrx_word' id='word_1_205' title='bbox 1250 3722 1323 3782; x_wconf 87' lang='lat' dir='ltr'><strong>dac-</strong></span> 
     </span>
     <span class='ocr_line' id='line_1_26' title="bbox 202 3831 1324 3915; baseline -0.005 -18"><span class='ocrx_word' id='word_1_206' title='bbox 202 3833 316 3915; x_wconf 89' lang='lat' dir='ltr'><strong>tylicos</strong></span> <span class='ocrx_word' id='word_1_207' title='bbox 326 3853 395 3897; x_wconf 91' lang='lat' dir='ltr'><strong>esse</strong></span> <span class='ocrx_word' id='word_1_208' title='bbox 406 3834 584 3894; x_wconf 85' lang='lat' dir='ltr'><strong>voluerunt.</strong></span> <span class='ocrx_word' id='word_1_209' title='bbox 597 3834 791 3911; x_wconf 88' lang='lat' dir='ltr'><strong>Anapaestos</strong></span> <span class='ocrx_word' id='word_1_210' title='bbox 802 3842 999 3911; x_wconf 84' lang='lat' dir='ltr'><strong>agnoverunt</strong></span> <span class='ocrx_word' id='word_1_211' title='bbox 1011 3831 1186 3892; x_wconf 89' lang='lat' dir='ltr'><strong>Muellerus</strong></span> <span class='ocrx_word' id='word_1_212' title='bbox 1194 3831 1324 3892; x_wconf 91' lang='lat' dir='ltr'><strong>Schoel-</strong></span> 
     </span>
     <span class='ocr_line' id='line_1_27' title="bbox 102 3925 1321 4022; baseline -0.006 -17"><span class='ocrx_word' id='word_1_213' title='bbox 102 3925 106 3936; x_wconf 53' lang='lat'>¹</span> <span class='ocrx_word' id='word_1_214' title='bbox 202 3942 329 4022; x_wconf 89' lang='lat' dir='ltr'><strong>liusque</strong></span> <span class='ocrx_word' id='word_1_215' title='bbox 346 3943 401 4004; x_wconf 91' lang='lat' dir='ltr'><strong>sed</strong></span> <span class='ocrx_word' id='word_1_216' title='bbox 429 3941 570 4020; x_wconf 84' lang='lat' dir='ltr'><strong>neglecta</strong></span> <span class='ocrx_word' id='word_1_217' title='bbox 599 3939 711 4001; x_wconf 85' lang='lat' dir='ltr'><strong>veteris</strong></span> <span class='ocrx_word' id='word_1_218' title='bbox 745 3939 874 4000; x_wconf 87' lang='lat' dir='ltr'><strong>Codicis</strong></span> <span class='ocrx_word' id='word_1_219' title='bbox 905 3935 1111 4017; x_wconf 88' lang='lat' dir='ltr'><strong>discriptione</strong></span> <span class='ocrx_word' id='word_1_220' title='bbox 1144 3936 1321 4000; x_wconf 90' lang='lat' dir='ltr'><strong>octonarios</strong></span> 
     </span>
     <span class='ocr_line' id='line_1_28' title="bbox 200 4050 444 4115; baseline -0.02 0"><span class='ocrx_word' id='word_1_221' title='bbox 200 4050 444 4115; x_wconf 90' lang='lat' dir='ltr'><strong>constituerunt.</strong></span> 
     </span>
    </p>

    <p class='ocr_par' dir='ltr' id='par_1_17' title="bbox 196 4153 1322 4774">
     <span class='ocr_line' id='line_1_29' title="bbox 243 4153 1316 4220; baseline -0.004 -2"><span class='ocrx_word' id='word_1_222' title='bbox 243 4159 332 4220; x_wconf 90' lang='lat' dir='ltr'><strong>Idem</strong></span> <span class='ocrx_word' id='word_1_223' title='bbox 352 4155 513 4219; x_wconf 88' lang='lat' dir='ltr'><strong>canticum</strong></span> <span class='ocrx_word' id='word_1_224' title='bbox 535 4153 684 4216; x_wconf 89' lang='lat' dir='ltr'><strong>trimetris</strong></span> <span class='ocrx_word' id='word_1_225' title='bbox 698 4155 888 4217; x_wconf 86' lang='lat' dir='ltr'><strong>catalecticis</strong></span> <span class='ocrx_word' id='word_1_226' title='bbox 905 4154 1003 4216; x_wconf 89' lang='lat' dir='ltr'><strong>tribus</strong></span> <span class='ocrx_word' id='word_1_227' title='bbox 1020 4153 1316 4216; x_wconf 87' lang='lat' dir='ltr'><strong>terminaturCurc.</strong></span> 
     </span>
     <span class='ocr_line' id='line_1_30' title="bbox 200 4239 1319 4343; baseline -0.003 -17"><span class='ocrx_word' id='word_1_228' title='bbox 200 4266 342 4338; x_wconf 84' lang='lat'>155-157,</span> <span class='ocrx_word' id='word_1_229' title='bbox 359 4264 413 4343; x_wconf 81' lang='lat' dir='ltr'><strong>qui</strong></span> <span class='ocrx_word' id='word_1_230' title='bbox 429 4261 563 4326; x_wconf 86' lang='lat' dir='ltr'><strong>creticos</strong></span> <span class='ocrx_word' id='word_1_231' title='bbox 578 4272 765 4340; x_wconf 91' lang='lat' dir='ltr'><strong>sequuntur,</strong></span> <span class='ocrx_word' id='word_1_232' title='bbox 783 4263 864 4324; x_wconf 91' lang='lat' dir='ltr'><strong>sicut</strong></span> <span class='ocrx_word' id='word_1_233' title='bbox 879 4265 975 4342; x_wconf 90' lang='lat' dir='ltr'><strong>paulo</strong></span> <span class='ocrx_word' id='word_1_234' title='bbox 990 4239 1108 4324; x_wconf 80' lang='lat' dir='ltr'><strong>anteiri</strong></span> <span class='ocrx_word' id='word_1_235' title='bbox 1125 4262 1235 4324; x_wconf 91' lang='lat' dir='ltr'><strong>eodem</strong></span> <span class='ocrx_word' id='word_1_236' title='bbox 1247 4281 1319 4323; x_wconf 89' lang='lat' dir='ltr'><strong>ean·</strong></span> 
     </span>
     <span class='ocr_line' id='line_1_31' title="bbox 197 4369 1321 4457; baseline -0.006 -20"><span class='ocrx_word' id='word_1_237' title='bbox 197 4375 260 4438; x_wconf 91' lang='lat' dir='ltr'><strong>tico</strong></span> <span class='ocrx_word' id='word_1_238' title='bbox 281 4371 444 4457; x_wconf 87' lang='lat' dir='ltr'><strong>anapaesti</strong></span> <span class='ocrx_word' id='word_1_239' title='bbox 470 4391 545 4434; x_wconf 93' lang='lat' dir='ltr'><strong>cum</strong></span> <span class='ocrx_word' id='word_1_240' title='bbox 569 4371 692 4436; x_wconf 89' lang='lat' dir='ltr'><strong>creticis</strong></span> <span class='ocrx_word' id='word_1_241' title='bbox 715 4374 882 4434; x_wconf 87' lang='lat' dir='ltr'><strong>alternent.</strong></span> <span class='ocrx_word' id='word_1_242' title='bbox 909 4371 995 4432; x_wconf 88' lang='lat' dir='ltr'><strong>Nam</strong></span> <span class='ocrx_word' id='word_1_243' title='bbox 1020 4390 1050 4431; x_wconf 90' lang='lat' dir='ltr'><strong>v.</strong></span> <span class='ocrx_word' id='word_1_244' title='bbox 1074 4371 1189 4434; x_wconf 82' lang='grc'>99100</span> <span class='ocrx_word' id='word_1_245' title='bbox 1213 4369 1321 4432; x_wconf 90' lang='lat' dir='ltr'><strong>cretici</strong></span> 
     </span>
     <span class='ocr_line' id='line_1_32' title="bbox 199 4474 1322 4558; baseline -0.007 -15"><span class='ocrx_word' id='word_1_246' title='bbox 199 4479 368 4544; x_wconf 88' lang='lat' dir='ltr'><strong>tetrametri</strong></span> <span class='ocrx_word' id='word_1_247' title='bbox 386 4488 474 4553; x_wconf 89' lang='lat' dir='ltr'><strong>sunt,</strong></span> <span class='ocrx_word' id='word_1_248' title='bbox 491 4499 522 4539; x_wconf 92' lang='lat' dir='ltr'><strong>v.</strong></span> <span class='ocrx_word' id='word_1_249' title='bbox 535 4477 591 4539; x_wconf 92' lang='lat'><strong>101</strong></span> <span class='ocrx_word' id='word_1_250' title='bbox 614 4475 833 4558; x_wconf 87' lang='lat' dir='ltr'><strong>anapaesticus</strong></span> <span class='ocrx_word' id='word_1_251' title='bbox 856 4476 1001 4550; x_wconf 91' lang='lat' dir='ltr'><strong>dimeter,</strong></span> <span class='ocrx_word' id='word_1_252' title='bbox 1024 4495 1054 4538; x_wconf 92' lang='lat' dir='ltr'><strong>v.</strong></span> <span class='ocrx_word' id='word_1_253' title='bbox 1073 4477 1130 4538; x_wconf 89' lang='lat'><strong>113</strong></span> <span class='ocrx_word' id='word_1_254' title='bbox 1146 4477 1166 4536; x_wconf 92' lang='lat' dir='ltr'>b</span> <span class='ocrx_word' id='word_1_255' title='bbox 1187 4474 1322 4538; x_wconf 90' lang='lat' dir='ltr'><strong>creticus</strong></span> 
     </span>
     <span class='ocr_line' id='line_1_33' title="bbox 199 4582 1319 4663; baseline -0.005 -13"><span class='ocrx_word' id='word_1_256' title='bbox 199 4589 343 4661; x_wconf 89' lang='lat' dir='ltr'><strong>dimeter,</strong></span> <span class='ocrx_word' id='word_1_257' title='bbox 365 4589 423 4648; x_wconf 79' lang='lat'><strong>114</strong></span> <span class='ocrx_word' id='word_1_258' title='bbox 439 4584 663 4663; x_wconf 86' lang='lat' dir='ltr'><strong>anapaesticus</strong></span> <span class='ocrx_word' id='word_1_259' title='bbox 683 4583 826 4657; x_wconf 90' lang='lat' dir='ltr'><strong>dimeter,</strong></span> <span class='ocrx_word' id='word_1_260' title='bbox 850 4603 878 4644; x_wconf 94' lang='lat' dir='ltr'><strong>v.</strong></span> <span class='ocrx_word' id='word_1_261' title='bbox 902 4586 959 4646; x_wconf 87' lang='lat'><strong>133</strong></span> <span class='ocrx_word' id='word_1_262' title='bbox 979 4582 1111 4645; x_wconf 90' lang='lat' dir='ltr'><strong>creticus</strong></span> <span class='ocrx_word' id='word_1_263' title='bbox 1132 4591 1319 4657; x_wconf 84' lang='lat' dir='ltr'><strong>tetrameter,</strong></span> 
     </span>
     <span class='ocr_line' id='line_1_34' title="bbox 196 4679 1322 4774; baseline -0.005 -18"><span class='ocrx_word' id='word_1_264' title='bbox 196 4715 229 4755; x_wconf 88' lang='lat' dir='ltr'><strong>v.</strong></span> <span class='ocrx_word' id='word_1_265' title='bbox 254 4696 312 4756; x_wconf 86' lang='grc'><strong>134</strong></span> <span class='ocrx_word' id='word_1_266' title='bbox 338 4679 569 4774; x_wconf 72' lang='lat' dir='ltr'><strong>paroemiaeus,</strong></span> <span class='ocrx_word' id='word_1_267' title='bbox 596 4710 630 4752; x_wconf 91' lang='lat' dir='ltr'><strong>v.</strong></span> <span class='ocrx_word' id='word_1_268' title='bbox 657 4693 714 4752; x_wconf 88' lang='lat'><strong>135</strong></span> <span class='ocrx_word' id='word_1_269' title='bbox 738 4689 872 4752; x_wconf 87' lang='lat' dir='ltr'><strong>creticus</strong></span> <span class='ocrx_word' id='word_1_270' title='bbox 887 4700 1077 4765; x_wconf 88' lang='lat' dir='ltr'><strong>tetrameter,</strong></span> <span class='ocrx_word' id='word_1_271' title='bbox 1091 4709 1121 4752; x_wconf 92' lang='lat' dir='ltr'><strong>v.</strong></span> <span class='ocrx_word' id='word_1_272' title='bbox 1141 4688 1198 4751; x_wconf 88' lang='grc'><strong>136</strong></span> <span class='ocrx_word' id='word_1_273' title='bbox 1213 4708 1322 4769; x_wconf 87' lang='lat' dir='ltr'><strong>paroe-</strong></span> 
     </span>
    </p>
   </div>
   <div class='ocr_carea' id='block_1_16' title="bbox 197 4801 330 4864">
    <p class='ocr_par' dir='ltr' id='par_1_18' title="bbox 197 4801 330 4864">
     <span class='ocr_line' id='line_1_35' title="bbox 197 4801 330 4864; baseline -0.015 0"><span class='ocrx_word' id='word_1_274' title='bbox 197 4801 330 4864; x_wconf 88' lang='lat' dir='ltr'><strong>miacus.</strong></span> 
     </span>
    </p>
   </div>
   <div class='ocr_carea' id='block_1_17' title="bbox 0 0 1728 5626">
    <p class='ocr_par' dir='ltr' id='par_1_19' title="bbox 0 0 1728 5626">
     <span class='ocr_line' id='line_1_36' title="bbox 0 0 1728 5626; baseline 0 1"><span class='ocrx_word' id='word_1_275' title='bbox 0 0 1728 5626; x_wconf 95' lang='lat' dir='ltr'><strong> </strong></span> 
     </span>
    </p>
   </div>
  </div>
 </body>
</html>
